1685 2878
748 244 789 249 .-
825 222 873 260 12
902 244 947 248 ,-

223 357 341 381 annos
357 344 429 381 illis
442 344 535 382 locis
550 344 784 392 versabatur,
813 344 878 382 ubi
896 344 1035 382 bellum
1049 343 1142 381 illud
1157 347 1309 394 gestum
1329 344 1464 393 fuerat,

223 411 289 449 sed
318 411 453 458 etiarn,
490 425 567 461 qua
603 416 684 449 erat
719 411 917 463 diligentia
944 411 1106 461 optimos
1134 424 1261 450 rerum
1291 415 1465 450 auctores

223 478 425 529 diligenter
451 478 627 529 inspexit.
683 478 794 522 Quod
831 482 937 529 patet
965 491 1012 515 ex
1049 478 1189 516 iudicio
1228 478 1276 516 de
1305 478 1465 516 Sisenna

223 546 312 594 lato,
340 546 404 596 qui
433 546 480 584 de
507 546 604 584 belle
623 546 721 584 civili
742 545 899 584 Sullano
923 545 1144 596 scripserat3
1171 558 1285 596 quem
1310 545 1464 597 quidem

224 613 259 649 in
279 613 365 663 Iug.
384 613 521 660 XCV.,
538 614 561 650 2
582 613 707 660 refert,
727 616 905 663 „optume
921 617 959 651 et
976 612 1277 662 diligentissume
1297 613 1464 651 omnium

225 679 355 718 Sullae
383 693 442 718 res
469 683 711 730 persecutum
738 692 842 727 esse,
870 678 937 718 sed
965 678 1089 727 addit,
1118 692 1206 717 eum
1233 693 1368 731 parum
1395 680 1465 718 sibi

223 747 339 784 libero
368 760 431 784 ore
459 748 628 784 locutum
654 746 810 784 videri.“
861 746 900 783 Si
931 746 1091 784 aliorum
1117 745 1220 783 libris
1248 747 1379 795 utitur,
1408 759 1464 784 re-

224 814 357 865 ligiose
386 827 450 853 eos
477 814 645 853 nominat
673 817 711 852 et
738 827 803 852 eas
830 826 890 852 res
918 825 1080 864 quarum
1106 812 1187 864 ipse
1222 813 1358 852 certior
1389 826 1465 852 non

225 886 282 919 est
310 883 444 929 factus,
472 882 544 919 illis
572 882 663 920 dicit
697 881 955 932 praestandas
1012 881 1089 919 Csr.
1117 880 1205 931 Iug.
1234 881 1367 920 XVII.
1423 881 1464 926 Si

224 948 315 998 quid
343 948 578 987 auctoritatis
605 949 723 1000 ipsius
750 948 873 986 verbis
901 947 1145 986 tribuendum
1181 952 1257 996 est,
1298 947 1346 985 de
1382 948 1464 986 eius

224 1015 393 1053 veritatis
421 1016 546 1053 studio
576 1015 741 1053 dubitari
768 1029 841 1054 non
874 1015 1022 1066 poterit.
1076 1015 1177 1053 Nam
1210 1015 1248 1052 in
1277 1014 1361 1053 Cat.
1390 1015 1461 1054 IV.

223 1081 422 1131 profitetur
452 1082 545 1128 „sibi
572 1097 596 1119 (ι
623 1096 686 1132 spe
704 1090 810 1128 metu,
841 1083 895 1120 rei
907 1082 1084 1132 publicae
1094 1081 1271 1132 partibus
1294 1083 1463 1119 animum

225 1147 381 1186 liberum
398 1149 546 1199 fuisse,-
576 1151 724 1201 iyitur,“
754 1149 877 1200 inquit
906 1149 974 1197 „de
992 1148 1180 1187 Catilinae
1207 1150 1463 1187 coniuratione

225 1231 336 1266 quam
356 1217 553 1254 verissume
566 1225 705 1267 potero,
727 1219 865 1267 paucis
884 1216 1106 1254 absolvam.“
1136 1217 1181 1254 In
1205 1216 1461 1255 Historiarum

225 1283 416 1333 prooemio
444 1283 508 1321 Fr.
526 1284 573 1332 L,
603 1285 638 1332 6,
667 1287 829 1322 testatur
859 1298 955 1331 „non
982 1298 1019 1321 se
1037 1283 1186 1321 divorsa
1207 1291 1320 1334 parte
1347 1285 1388 1321 in
1414 1285 1463 1322 οἱ·

227 1351 358 1387 υἱίὶὂιιε
391 1352 508 1388 armis
536 1359 672 1389 motam
709 1366 783 1389 esse
821 1366 845 1388 a
880 1356 996 1389 verof‘
1053 1351 1162 1395 Quae
1189 1351 1307 1401 igitur
1334 1351 1466 1390 Cicero

224 1421 324 1454 recte
353 1418 522 1455 nominat
549 1418 727 1456 historiae
745 1418 1006 1464 fundamenta,
1037 1431 1106 1465 „ne
1128 1417 1220 1468 quid
1240 1418 1324 1456 falsi
1342 1418 1466 1456 dicere

224 1485 377 1532 audeat,
406 1485 556 1533 deinde,
585 1499 632 1523 ne
660 1485 750 1535 quid
779 1485 857 1523 veri
885 1498 959 1522 non
986 1485 1139 1533 audeat,
1168 1499 1215 1523 nc
1242 1498 1318 1536 qua
1345 1485 1466 1536 suspi-

224 1552 280 1589 cio
309 1553 454 1602 gratiae
489 1552 537 1589 sit
563 1552 600 1589 in
630 1552 847 1600 scribendo,
884 1565 930 1590 ne
959 1565 1035 1602 qua
1062 1552 1302 1600 simultatis“,
1331 1552 1465 1590 eadem

223 1620 292 1656 sibi
320 1624 448 1657 noster
475 1624 608 1657 auctor
634 1619 844 1670 proposuit.

326 1685 377 1724 Et
402 1691 445 1724 ut
472 1687 652 1724 nonnulla
680 1686 878 1724 doctorum
906 1687 1071 1724 virorum
1100 1687 1316 1724 testimonia
1352 1687 1465 1724 huius

222 1753 274 1789 rei
302 1752 461 1801 addam,
490 1753 695 1791 Sallustius
722 1758 855 1791 auctor
891 1753 1122 1792 certissimus
1157 1754 1204 1792 ab
1231 1753 1466 1804 Hieronymo

223 1821 439 1871 appellatur
468 1820 532 1871 (de
560 1822 629 1858 loc.
658 1820 858 1859 Hebraicis
887 1821 952 1859 cfr.
982 1820 1079 1872 Opp.
1096 1820 1142 1859 Τ.
1163 1820 1237 1858 ΙΙΙ.
1266 1834 1355 1872 pag.
1374 1820 1465 1870 202)

222 1891 260 1925 et
287 1888 422 1925 iisdem
449 1888 573 1925 verbis
600 1888 772 1925 Isidorus
800 1888 934 1939 Origg.
964 1888 1094 1935 XIII.,
1123 1890 1184 1935 21,
1213 1888 1344 1926 utitur.
1385 1887 1465 1925 Au·
1524 1904 1526 1906 ·

221 1955 397 2006 gustinus
425 1955 473 1994 de
502 1954 583 1993 Civ.
605 1955 677 1996 Dei
706 1955 751 2003 I.,
784 1957 831 2013 5,.
852 1955 1094 2003 „nobilitatae
1121 1955 1293 1994 veritatis
1319 1954 1467 1993 histori-

222 2026 331 2061 cum“
349 2028 387 2060 et
405 2023 477 2074 Ep.
498 2024 520 2060 5
550 2022 597 2060 ad
615 2022 880 2060 Marcellinum
904 2022 1201 2070 „nobilissimum
1220 2022 1464 2060 historicum⁴⁶

221 2104 309 2127 eum
338 2095 458 2128 vocat.
513 2089 597 2127 Imo
624 2089 811 2127 Martialis
849 2102 937 2127 eum
975 2089 1150 2127 omnibus
1177 2088 1363 2127 historicis
1389 2088 1467 2126 Ro-

221 2158 343 2195 manis
370 2156 662 2208 praeferendum
691 2170 772 2194 esse
801 2160 941 2194 censet.
971 2155 1049 2193 Cfr.
1075 2155 1161 2193 Lib.
1177 2155 1303 2203 X1V.,
1332 2155 1465 2206 Epigr.

222 2224 361 2263 CXCI.

324 2292 401 2330 Hic
429 2291 511 2339 erit,
539 2295 583 2329 ut
609 2291 808 2342 perhibent
834 2290 1034 2329 doctorum
1062 2290 1177 2328 corda
1202 2290 1383 2339 virorum,

326 2359 496 2410 Crispus,
523 2358 700 2397 Romana
726 2358 870 2409 primus
898 2358 936 2395 in
962 2357 1130 2396 historia.
