1685 2878
421 704 739 765 PARS
784 707 1306 765 ALTERA.

348 900 454 938 Inter
489 899 733 947 Sallustium,
771 899 1038 952 Thucydidem
1074 899 1351 952 Tacitumque‚
1389 913 1484 951 quos

243 968 326 1005 iure
363 967 596 1018 antiquitatis
624 967 848 1018 scriptorum
881 967 1027 1005 lumina
1062 966 1227 1016 dixeris,
1266 967 1482 1006 coniunctio

243 1033 433 1086 quaedam
460 1038 619 1083 constat,
648 1047 766 1085 quum
791 1033 995 1073 Sallustius
1022 1034 1300 1087 Thucydidem,
1328 1034 1484 1074 Tacitus

244 1105 450 1153 utrumque
467 1101 638 1140 imitatus
665 1102 725 1138 sit.
773 1101 851 1139 Sed
878 1105 922 1139 ut
939 1105 1152 1140 statuamus
1179 1114 1254 1153 quo
1282 1102 1365 1140 iure
1386 1102 1486 1140 inter

243 1182 285 1208 se
312 1169 576 1218 conferantur,
614 1182 728 1220 quem
755 1168 925 1208 ordinem
952 1169 991 1207 in
1021 1168 1200 1208 Sallustio
1229 1169 1483 1218 adhibuimus,

244 1236 409 1274 eundem
435 1236 474 1273 in
494 1235 721 1287 Thucydide
749 1240 786 1273 et
813 1235 948 1274 Tacito
975 1236 1178 1275 retinentes
1205 1236 1254 1274 de
1282 1236 1480 1287 utriusque

242 1303 407 1353 ingenio,
435 1307 528 1351 arte,
556 1303 701 1341 ratione
728 1303 879 1341 dicendi
906 1303 1084 1354 deinceps
1110 1304 1320 1354 loquemur.

749 1510 911 1581 caput
950 1511 978 1566 Ι.

343 1642 408 1681 Ad
430 1642 628 1694 ingenium
656 1642 759 1694 quod
787 1647 943 1694 spectat,
972 1643 1075 1695 apud
1103 1656 1168 1681 cos
1195 1642 1296 1681 idem
1314 1643 1482 1681 veritatis

185 1711 188 1713 ’
239 1710 411 1749 studium
433 1711 634 1750 invenitur.
680 1711 926 1763 Thucydides
954 1712 1066 1759 enim,
1094 1711 1166 1750 hoc
1192 1711 1263 1749 sibi
1284 1711 1482 1750 consilium

239 1778 356 1817 fuisse
374 1778 552 1828 affirmat,
580 1784 624 1817 ut
643 1791 730 1827 non,
758 1791 857 1829 quae
885 1792 905 1817 e
926 1779 1095 1830 quolibet
1113 1778 1331 1827 audivisset,
1359 1791 1482 1830 neque

240 1849 355 1896 prout
381 1846 462 1897 ipse
490 1846 539 1884 de
576 1846 622 1884 iis
649 1846 857 1885 iudicasset
884 1846 951 1884 sed
979 1846 1116 1897 quibus
1142 1846 1224 1897 ipse
1250 1846 1484 1885 interfuisset

241 1917 280 1951 et
307 1926 406 1963 quae
433 1926 483 1951 ex
510 1913 593 1952 aliis
621 1917 814 1965 comperta
839 1918 926 1964 post
949 1917 1166 1952 accuratam
1184 1912 1483 1964 disquisitionem

240 1992 330 2018 vera
352 1993 435 2019 esse
454 1980 716 2029 intellexisset,
737 1993 783 2019 ea
799 1981 1051 2032 consignaret.
1076 1980 1123 2018 In
1141 1980 1373 2019 orationibus
1392 1980 1483 2020 dicit

238 2046 445 2084 sententias
473 2050 512 2085 et
537 2047 621 2098 ipsa
646 2047 763 2086 verba
790 2060 934 2097 eorum,
961 2048 1026 2098 qui
1053 2047 1171 2086 locuti
1198 2051 1335 2097 essent,
1363 2060 1479 2098 quam

237 2114 520 2153 accuratissime
548 2127 728 2166 expressa
755 2128 850 2154 esse.
905 2115 1042 2167 Neque
1070 2115 1179 2155 facile
1213 2129 1253 2154 se
1280 2115 1481 2154 veritatem

236 2181 404 2219 invenire
417 2182 598 2232 potuisse,
618 2195 738 2233 quum
756 2183 821 2234 qui
835 2183 949 2221 rebus
962 2183 1232 2231 interfuissent,
1251 2195 1327 2221 non
1346 2182 1481 2221 eadem

238 2247 287 2287 de
314 2248 360 2286 iis
386 2248 601 2299 traderent,
636 2250 704 2290 sed
740 2250 840 2290 sicut
866 2250 1026 2303 quisque
1063 2243 1204 2290 eorum
1219 2249 1482 2289 recordaretur

236 2316 298 2353 vel
333 2316 448 2354 etiam
476 2317 647 2355 alterutri
675 2318 830 2356 factioni
866 2318 1022 2356 faveret.
1077 2318 1283 2356 Praeterea
1318 2319 1479 2356 lectores

234 2386 385 2433 monet,
429 2395 477 2422 ne
520 2383 606 2437 quis
647 2384 754 2438 vulgi
788 2385 1025 2425 sermonibus
1066 2386 1127 2424 vel
1160 2385 1284 2438 poetis
1318 2384 1478 2424 nimium
