1685 2878
766 201 963 239 „11-

242 324 484 376 scriptoribus
512 327 600 361 sunt
626 323 790 374 petenda
817 322 1046 370 testimonia,
1080 322 1144 373 qui
1172 325 1259 359 sunt
1286 321 1359 359 Dio
1390 322 1480 359 Cas-

242 392 341 440 sius3
368 390 600 428 Plutarchus
626 390 663 426 in
688 390 774 427 vitis
795 390 983 438 Caesaris,
1013 389 1150 437 Crassi,
1180 389 1356 437 Catonis3
1386 389 1480 426 Sue-

243 457 390 506 tonius3
420 456 648 508 Appianus3
676 456 865 495 Asconius
880 456 1086 504 Pedianus,
1115 456 1179 506 qui
1197 456 1236 492 in
1254 459 1481 493 commenta-

241 524 305 562 riis
332 523 381 562 ad
411 523 602 561 Ciceronis
630 524 818 561 orationes
846 524 992 575 scriptis
1020 536 1159 575 magna
1182 536 1269 561 cum
1286 523 1482 574 diligentia

241 591 289 629 de
317 591 429 628 rebus
467 603 511 628 eo
546 594 715 641 tempore
751 591 868 641 gestis
895 590 1095 639 disseruit,
1133 596 1176 628 ut
1214 603 1264 628 ex
1291 589 1335 627 iis
1361 590 1481 627 multa

242 661 531 708 cognoscantur,
560 670 720 707 quorum
748 657 813 695 vix
839 658 959 695 ullum
985 658 1188 708 vestigium
1216 656 1319 707 apud
1336 661 1480 694 ceteros

241 724 443 775 scriptores
480 723 660 761 invenias.
724 724 873 762 Horum
920 730 1116 763 auctorum
1153 724 1291 775 scripta
1328 724 1358 760 si
1394 736 1480 761 cum

206 792 209 796 ’
244 791 415 830 Sallustii
449 791 544 829 libro
582 792 803 841 contuleris,
839 805 927 830 eum
959 792 1157 831 veritatem
1185 796 1358 830 secutum
1386 804 1480 838 esso,

241 859 450 910 apparebit.
507 858 620 903 Quod
648 864 776 898 autem
801 861 981 898 nonnulla
1015 861 1061 898 ab
1096 872 1140 898 eo
1169 859 1396 897 omittuntur
1421 859 1478 896 vel

239 927 376 965 leviter
403 931 624 978 tanguntur,
652 927 747 965 alius
775 928 932 978 scriptor
958 927 1006 966 de
1034 927 1167 966 eadem
1194 940 1234 965 re
1258 927 1367 965 aliter
1384 926 1479 963 iudi-

240 997 323 1043 cat3
362 993 464 1044 quod
501 994 563 1032 alii
600 995 839 1045 explanatius
867 999 980 1045 atque
1008 995 1184 1043 uberius,
1222 994 1286 1032 alii
1312 994 1480 1044 pressius

243 1066 358 1112 atque
386 1058 602 1099 adstrictius
630 1061 832 1117 dicendum
860 1074 941 1099 esse
977 1066 1126 1112 putant.
1183 1061 1291 1104 Quae
1326 1061 1365 1098 in
1398 1062 1479 1098 vul-

241 1141 315 1179 gus
342 1131 433 1165 nota
461 1132 528 1165 aut
554 1128 608 1165 ita
635 1128 808 1179 vulgaria
834 1133 961 1175 erant,
997 1132 1040 1165 ut
1068 1128 1183 1165 etiam
1210 1128 1282 1165 alio
1311 1132 1479 1178 tempore

238 1195 322 1232 fieri
348 1207 460 1245 posse
486 1194 715 1243 viderentur,
744 1208 790 1232 ea
817 1195 894 1232 fere
922 1195 1080 1243 omittit3
1109 1195 1175 1232 sed
1203 1207 1301 1244 quae
1320 1194 1479 1232 alicuius

242 1262 397 1313 propria
425 1266 492 1299 aut
519 1262 617 1299 bona
644 1266 711 1299 aut
737 1261 827 1299 vitia
864 1261 957 1309 sint,
994 1275 1092 1312 quae
1115 1261 1331 1299 interiorem
1359 1265 1396 1299 et
1423 1274 1480 1299 rc-

239 1328 433 1366 conditam
459 1328 655 1365 hominum
682 1329 847 1366 indolem
875 1329 1064 1379 aperiant,
1098 1329 1156 1366 his
1192 1329 1229 1365 in
1265 1329 1376 1366 rebus
1414 1341 1479 1366 ex-

239 1395 424 1446 plicandis
452 1395 617 1433 laborem
646 1400 683 1433 et
711 1395 879 1433 studium
908 1395 1104 1432 consumit.
1141 1395 1194 1432 At
1222 1395 1260 1432 in
1289 1395 1479 1433 Ciceronis

237 1462 414 1501 laudibus
438 1463 673 1500 celebrandis
694 1462 855 1513 frigidus
873 1466 1032 1513 putatur
1058 1467 1096 1500 et
1123 1463 1160 1499 in
1180 1463 1314 1511 verbis,
1343 1463 1478 1513 quibus

239 1530 321 1567 eius
348 1529 574 1567 industriam
612 1530 649 1566 in
679 1529 842 1567 Catilina
869 1518 1113 1580 opprimendo
1148 1530 1334 1580 signifieat
1368 1543 1399 1567 c.
1430 1531 1478 1567 26

242 1610 388 1648 „neque
418 1597 469 1634 illi
497 1601 625 1634 tamen
654 1597 702 1634 ad
731 1596 940 1635 cavendum
977 1597 1087 1634 dolus
1124 1602 1189 1635 aut
1223 1598 1385 1635 astutiae
1413 1598 1477 1635 de-

239 1667 368 1702 erant“
412 1664 637 1701 invenerunt
673 1664 816 1714 aliquid
844 1665 1136 1702 obtrectationis.
1192 1665 1269 1702 Sed
1306 1665 1477 1712 societas,

238 1744 353 1782 quam
380 1732 509 1769 consul
538 1744 626 1769 cum
646 1731 783 1769 Fulvia
809 1732 872 1769 illa
898 1732 1054 1770 muliere
1085 1732 1226 1782 „stupri
1244 1736 1371 1770 vetere
1391 1746 1477 1771 con-

239 1798 480 1847 suetudine“,
510 1812 541 1837 c.
560 1800 621 1846 23,
651 1799 741 1836 satis
757 1799 945 1850 descripta
959 1799 1052 1847 iniit,
1067 1800 1181 1837 habet
1195 1812 1234 1836 re
1248 1812 1338 1837 vera
1351 1800 1476 1838 nescio

237 1866 329 1918 quid
356 1867 508 1905 fastidii.
558 1866 694 1917 Neque
723 1867 813 1905 vitio
841 1867 876 1905 ei
902 1867 1125 1906 vertendum
1153 1872 1222 1916 est,
1251 1867 1353 1918 quod
1382 1868 1476 1907 Cae-

238 1948 361 1973 sarem
390 1939 428 1972 et
457 1934 641 1972 Catonem
669 1939 756 1972 ante
784 1936 889 1972 illum
915 1935 1096 1983 laudavit,
1126 1937 1196 1983 53,
1226 1937 1286 1983 54,
1316 1949 1477 1986 quorum

237 2003 351 2041 animi
380 2003 494 2041 robur
521 2015 596 2039 non
617 2007 808 2053 aequaret.
838 2002 965 2046 Quare
984 2002 1167 2040 iudicium
1186 2003 1267 2040 eius
1287 2003 1478 2055 integrum

239 2075 278 2108 et
306 2071 353 2108 ab
383 2070 484 2107 omni
510 2070 775 2108 malevolentia
802 2070 918 2108 fuisse
945 2070 1117 2118 liberum,
1146 2070 1249 2108 haud
1268 2072 1477 2121 negaveris,

239 2138 306 2176 sed
334 2138 437 2189 quod
465 2150 596 2175 eorum
624 2151 749 2176 mores
776 2151 820 2175 ac
848 2137 974 2175 studia
1002 2142 1108 2175 erant
1135 2137 1395 2187 dissimillima,
1425 2139 1478 2176 fa-

239 2205 308 2243 cile
335 2205 417 2243 fieri
437 2205 573 2257 potuit,
602 2210 645 2243 ut
663 2205 711 2244 de
734 2205 923 2244 Ciceronis
942 2206 1053 2243 rebus
1071 2205 1234 2243 ieiunius
1258 2211 1477 2257 exponeret.

342 2274 479 2325 Neque
508 2274 632 2312 minus
659 2274 698 2312 in
724 2273 813 2312 belli
839 2273 1057 2325 Iugurthini
1092 2274 1249 2312 historia
1282 2274 1479 2313 scribenda

239 2346 277 2379 et
310 2341 489 2379 Historiis
523 2342 791 2392 componendis
829 2355 917 2379 eum
951 2341 1121 2379 veritatis
1158 2342 1284 2379 studio
1321 2342 1479 2380 ductum

239 2422 322 2448 esse
350 2409 502 2447 scimus.
540 2409 627 2447 Non
655 2410 777 2447 solum
803 2409 1004 2460 proconsul
1030 2408 1237 2448 Numidiae
1266 2410 1477 2461 complures
