1685 2878
738 250 941 296 *33*

222 375 449 428 γενομένους
487 380 563 424 τῶν
603 375 696 418 καθ’
736 377 901 421 ἑαυτούς
935 375 1154 429 ιΕλλήνων,
1200 375 1328 425 οὕτως
1365 373 1457 419 ἐτε-

222 443 415 498 λεύτησεν,
467 444 521 494 Ι.,
553 446 646 494 138,
679 447 714 484 7.
747 469 791 474 —
821 444 950 491 Quum
979 444 1145 485 Thraces
1171 443 1454 497 Mycallessum,

227 513 359 551 urbem
389 512 597 562 Boeotiae,
626 517 931 564 expugnassent,
968 526 1043 550 non
1070 514 1193 551 solum
1219 512 1391 551 aedificia
1423 518 1461 551 et

221 580 364 631 templa
391 580 648 631 spoliaverunt
676 584 714 618 et
741 581 1014 628 exhauserunt,
1046 579 1112 618 sed
1139 579 1252 618 etiam
1280 593 1374 631 quos
1402 580 1458 618 in-

222 650 406 684 venerunt
426 647 537 694 viros,
565 660 673 685 senes
692 647 869 685 mulieres
889 646 1193 695 trucidaverunt,
1221 647 1311 697 quin
1338 647 1457 685 etiam

220 725 357 762 pueros
385 713 512 751 schola
538 713 701 751 inclusos
728 713 1009 764 iugulaverunt.
1056 712 1159 757 Quid
1186 713 1277 751 dicit
1304 712 1456 764 Thucy-

220 779 329 818 dides
366 779 414 818 de
450 780 532 820 tali¹
552 783 706 831 tamque
743 780 880 818 misera
918 780 1052 818 clade?
1105 779 1256 818 Audias
1291 792 1455 830 quaeso:

223 848 301 887 Καὶ
326 847 512 900 ξυμφορὰ
550 850 598 901 τῇ
626 843 739 888 πόλει
778 844 886 901 πάσῃ
924 844 1113 899 οὐδεμιᾶς
1147 845 1276 901 ἥσσων
1310 849 1457 899 μᾶλλον

219 911 356 966 ἑτέρας
382 912 576 968 ἀδόκητος
601 931 644 955 τε
672 912 812 956 ἔπεσεν
840 913 939 968 αὐτή
967 916 1033 956 καὶ
1059 912 1179 967 δεινή.
1232 914 1339 964 VII„
1368 916 1429 953 29.

322 981 452 1026 Quum
469 981 623 1019 Hermis
640 981 872 1020 detruncatis
891 982 1144 1021 Athenienses
1163 982 1217 1020 ita
1234 982 1458 1021 inflammati

222 1053 359 1097 esseut,
387 1053 431 1087 ut
456 1048 595 1087 indicio
623 1049 735 1087 unius
762 1049 832 1087 viri
850 1050 1075 1100 complures,
1102 1050 1207 1087 nulla
1233 1050 1456 1100 quaestione

218 1115 361 1163 habita,
388 1120 624 1163 necarentur,
655 1113 740 1155 Κᾶν
762 1112 902 1166 τούτῳ,
931 1116 1063 1166 inquit,
1092 1116 1131 1156 οἱ
1156 1116 1230 1166 μὲν
1256 1114 1458 1162 παθόντες

220 1181 361 1234 ἄδηλον
388 1178 443 1234 ἦν,
472 1182 508 1222 εἰ
527 1178 675 1229 ἀδίκως
694 1179 985 1236 ἐτετιμώρηντο,
1012 1180 1035 1235 ἦ
1058 1183 1193 1233 μέντοι
1220 1180 1320 1235 ἄλλη
1339 1181 1457 1228 πόλις

219 1248 258 1288 ἐν
292 1250 351 1301 τῷ
386 1245 554 1299 παρόντι
582 1250 813 1302 περιφανῶς
837 1246 1029 1302 ιιῖφέλητο.
1081 1249 1175 1296 VL,
1212 1250 1273 1287 60.
1326 1250 1457 1301 Atque

217 1319 304 1365 post
330 1315 433 1353 illam
451 1315 699 1353 miserrimam
717 1315 998 1366 expeditionem
1015 1315 1306 1354 Atheniensium
1331 1317 1371 1354 in
1398 1317 1455 1355 Si-

216 1381 353 1429 ciliam,
380 1381 479 1421 κατοὲ
499 1378 639 1430 πάντα,
667 1382 800 1433 inquit,
827 1378 985 1427 πάντως
1003 1382 1226 1434 νικηθέντες
1252 1384 1316 1424 καὶ
1342 1381 1456 1424 οὐδὲν

213 1445 342 1501 ὀλίγον
387 1448 428 1493 ἐς
472 1445 586 1490 οὐδὲν
620 1446 975 1504 κακοπαθήσαντες
1013 1450 1272 1504 πανωλεθρίᾳ
1317 1449 1367 1504 δὴ
1405 1461 1454 1492 το

212 1515 415 1568 λεγόμενον
433 1518 498 1557 καὶ
516 1516 637 1566 πεζὸς
656 1519 721 1558 καὶ
740 1518 829 1569 νῆες
856 1518 923 1558 καὶ
941 1514 1055 1558 οὐδὲν
1081 1514 1144 1558 ὅτι
1163 1517 1232 1558 οὐκ
1251 1515 1444 1560 ἀπώλετο

212 1584 278 1624 καὶ
305 1583 430 1635 ὀλίγοι
464 1582 545 1624 ἀπὸ
574 1585 729 1625 πολλῶν
766 1583 826 1625 ἐπ’
861 1586 969 1625 οἴκου
995 1582 1275 1637 ἀπενόστησαν.
1327 1589 1454 1627 ταῦτα

211 1652 282 1701 μὲν
305 1650 355 1691 τὰ
382 1652 475 1702 περὶ
502 1652 683 1692 Σικελίαν
710 1649 907 1704 γενόμενα.
959 1652 1076 1700 VH.,
1114 1654 1175 1690 87.
1229 1653 1345 1691 Nulla
1378 1654 1452 1692 alia

212 1718 351 1756 doloris
370 1718 497 1767 verba,
521 1718 624 1756 nulla
644 1718 719 1756 alia
737 1718 978 1757 lamentatio!
1006 1718 1044 1757 Ν
1046 1731 1095 1756 on
1112 1723 1205 1769 puto
1227 1718 1451 1758 Sallustium

212 1790 250 1823 et
278 1784 478 1833 Tacitum,
515 1784 746 1835 quamquam
780 1785 820 1822 id
847 1785 948 1836 quod
975 1786 1242 1824 difficillimum
1278 1791 1335 1824 est
1360 1787 1446 1825 reti-

212 1855 407 1899 nuerunt,
447 1851 571 1889 laudis
600 1856 638 1889 et
663 1852 949 1903 vituperationis
975 1852 1143 1901 modum,
1179 1853 1313 1891 eodem
1338 1853 1450 1891 modo

217 1932 350 1957 sensus
379 1932 466 1957 suos
494 1919 695 1970 reprimere
721 1920 900 1970 potuisse.

315 1985 445 2030 Quum
473 1985 512 2023 in
539 1986 671 2024 ceteris
697 1986 880 2037 partibus,
911 1999 1009 2038 quae
1037 1986 1087 2025 ad
1114 1991 1233 2025 artem
1262 1991 1447 2039 spectant,

212 2058 420 2105 congruant
457 2057 571 2104 atque
608 2067 704 2105 quae
740 2054 789 2093 de
825 2053 1004 2093 Sallustio
1040 2054 1142 2093 dicta
1178 2059 1285 2103 sunt,
1321 2055 1448 2093 omnia

213 2121 328 2158 etiam
364 2120 402 2157 in
437 2120 702 2170 Thucydidem
739 2125 777 2158 et
805 2120 980 2159 Tacitum
1007 2121 1206 2171 quadrent,
1233 2134 1280 2159 ne
1310 2122 1447 2172 repeti-

211 2186 374 2226 tionibus
409 2187 587 2227 lectorem
625 2186 850 2239 fatigemus,
888 2186 936 2226 ad
963 2187 1146 2227 rationem
1187 2187 1336 2227 dicendi
1374 2201 1444 2227 nos

211 2255 473 2293 convertimus.
