1685 2878
775 194 952 232 „g-

244 317 326 354 eius
353 317 625 367 increpitantur
651 317 689 353 in
716 317 791 364 illa,
820 329 917 366 quae
944 319 1102 353 vocatur
1131 314 1323 352 Ciceronis
1361 314 1484 352 decla-

245 383 412 421 matione
440 384 479 421 in
499 383 741 432 Sallustium3
769 396 883 433 quam
909 382 1080 420 Ciceroni
1108 393 1183 418 non
1211 393 1292 419 csse
1321 380 1484 419 tribuen-

245 450 334 489 dam
361 450 428 489 sed
457 451 598 489 incerto
627 450 765 488 rhetori
792 449 883 487 satis
911 452 1068 487 constat.
1100 449 1341 498 Quamquam
1355 447 1484 498 igitur,

245 531 345 568 quae
373 531 423 556 ex
451 531 496 556 ea
523 518 792 567 comperimus,
820 515 927 566 parvi
956 514 1192 552 aestimanda
1220 518 1327 561 sunt,
1357 518 1484 552 tamen
1528 537 1530 540 .

246 584 416 622 Sallustii
454 585 555 622 fama
592 596 664 620 non
698 583 840 633 optima
876 582 991 619 fuisse
1018 580 1169 618 videtur
1204 592 1326 630 neque
1360 580 1484 618 omnia

246 651 453 688 factionum
481 649 606 688 studio
635 648 883 687 adscribenda
910 660 1004 685 csse.
1042 648 1130 698 Ipse
1158 646 1368 698 profitetur,
1398 647 1482 685 Cat.

246 719 290 765 3,
320 729 360 755 se
388 730 464 755 una
492 729 577 755 cum
605 716 738 754 ceteris
766 715 866 753 fama
894 719 1008 765 atque
1036 714 1177 752 invidia
1203 714 1340 765 premi,
1377 713 1484 752 cuius

245 785 298 821 rci
336 797 490 822 causam
526 784 643 821 solam
680 783 718 819 in
755 783 854 820 mala
889 795 959 819 sua
994 781 1198 819 ambitione
1227 780 1484 831 quaerendam

245 864 340 898 esse,
369 850 582 898 eontendit3
610 850 648 887 id
676 849 777 900 quod
804 849 930 886 minus
957 849 1006 886 ad
1034 861 1167 886 verum
1196 848 1353 886 accedit.
1383 847 1483 886 Nam

244 917 297 954 M.
315 917 482 955 Terentii
496 917 678 955 Varronis
694 916 921 963 testimonio,
950 916 1052 965 quod
1066 915 1157 953 Aul.
1176 915 1321 953 Gellius
1349 916 1409 962 17,
1436 916 1483 951 18

245 984 425 1031 servavit,
453 983 628 1021 adulterii
656 996 741 1020 cum
768 983 926 1030 Fausta,
952 982 1105 1019 Milonis
1132 995 1264 1029 uxore,
1294 981 1483 1019 commissi

247 1055 458 1089 accusatur.

348 1118 436 1156 Non
457 1119 575 1155 multo
595 1123 795 1168 postquam
818 1117 973 1166 Caesar,
992 1118 1212 1168 Pompeius,
1236 1118 1396 1155 Crassus
1408 1117 1484 1154 foe-

246 1186 319 1223 dus
348 1185 536 1233 fecerunt,
573 1190 778 1235 quaestura
814 1185 966 1222 functus
993 1185 1166 1223 tribunus
1193 1185 1315 1235 plebis
1342 1185 1485 1222 electus

246 1257 313 1290 cst.
378 1252 478 1289 Tum
515 1252 766 1290 controversia
803 1252 900 1289 inter
937 1251 1140 1289 Caesarem
1186 1255 1224 1289 et
1258 1251 1486 1302 Pompeium

245 1320 370 1369 palam
417 1324 499 1357 orta
544 1332 661 1369 quum
698 1333 720 1356 a
755 1320 928 1369 Pompeii
975 1320 1137 1357 factione
1183 1323 1316 1357 senatu
1361 1322 1486 1356 motus

245 1390 362 1433 esset,
392 1399 414 1423 a
443 1386 604 1423 Caesare
633 1399 706 1422 uon
735 1387 857 1423 solum
884 1386 922 1422 in
949 1386 1145 1436 pristinam
1173 1386 1399 1436 dignitatem
1428 1398 1485 1422 re-

245 1453 411 1500 stitutus,
431 1453 497 1490 sed
518 1453 631 1490 etiam
650 1458 801 1503 praetor
820 1453 942 1490 factus
962 1457 1029 1500 est,
1049 1454 1113 1503 qui
1132 1466 1250 1503 quum
1270 1453 1351 1490 eius
1371 1465 1484 1502 opera

248 1519 283 1555 in
302 1519 481 1557 Africano
511 1520 607 1557 bello
636 1533 727 1557 usus
751 1525 862 1567 esset,
891 1533 978 1557 eum
997 1521 1259 1570 proconsulem
1281 1518 1485 1556 Numidiae

245 1586 282 1622 in
309 1587 523 1636 provinciae
560 1587 719 1624 formam
755 1587 930 1624 redactae
967 1587 1130 1637 reliquit.
1188 1587 1264 1624 Cfr.
1293 1586 1408 1624 Auct.
1438 1585 1485 1622 dc

244 1654 342 1690 bcllo
370 1653 550 1690 Africano
585 1655 646 1690 97.
693 1654 739 1690 [n
765 1654 836 1690 hac
862 1654 1054 1704 provincia
1081 1653 1380 1690 administranda
1406 1666 1484 1690 ma-

245 1733 360 1770 gnam
379 1721 579 1770 pecuniam
594 1721 824 1771 expressisse
841 1720 989 1759 dicitur.
1019 1720 1097 1758 Cfr.
1114 1720 1314 1759 declamat.
1331 1720 1369 1757 in
1388 1718 1483 1757 Sull.

245 1788 280 1824 7.
335 1787 439 1824 Num
466 1801 648 1838 maguum
676 1801 788 1837 quem
816 1788 1071 1825 concedebant
1098 1788 1385 1838 legcs'modum
1420 1800 1485 1824 ex-

246 1853 412 1902 cesserit,
440 1866 515 1891 non
543 1854 634 1892 satis
662 1859 894 1905 compertum
924 1859 980 1893 est
999 1867 1133 1905 neque,
1162 1867 1393 1905 quamquam
1408 1853 1485 1891 Ro-

245 1934 329 1959 mae
357 1922 655 1972 repetundarum
684 1926 883 1959 accusatus
911 1923 1093 1960 liberatus
1121 1927 1198 1970 est,
1228 1934 1277 1958 ex
1305 1934 1349 1959 eo
1378 1920 1486 1971 quid-

244 2001 359 2038 quam
388 1988 505 2026 statui
532 1993 676 2039 potest,
714 2002 832 2039 quum
860 1989 1016 2036 nescias,
1044 1994 1171 2027 utrum
1201 1989 1374 2026 Caesaris
1401 2001 1485 2038 gra-

244 2056 335 2093 tiam
366 2069 414 2093 an
445 2055 615 2093 Sallustii
644 2056 900 2106 integritatem
928 2056 1072 2093 iudices
1099 2057 1173 2094 sint
1201 2057 1331 2093 secuti.
1376 2056 1485 2093 Cete-

243 2136 328 2160 rum
357 2126 484 2160 tantas
512 2135 602 2173 opes
630 2122 699 2160 sibi
728 2123 943 2175 collegerat,
971 2128 1015 2161 ut
1040 2123 1170 2161 hortos
1197 2123 1486 2174 pretiosissimos

245 2191 283 2227 in
300 2190 486 2234 Quirinali
515 2190 607 2228 sitos
636 2195 672 2228 et
700 2190 855 2231 domum
875 2190 1214 2241 splendidissimam
1233 2191 1302 2228 sibi
1321 2196 1486 2241 pararet,

243 2270 342 2308 quae
371 2250 506 2308 postea
533 2257 580 2295 ab
607 2256 750 2295 Alarici
778 2257 960 2295 militibus
986 2258 1147 2295 flammis
1174 2257 1299 2296 deleta
1326 2262 1394 2295 est.

349 2325 515 2363 Caesare
552 2325 749 2362 interfecto
786 2338 905 2374 quum
942 2338 1061 2363 novae
1094 2325 1395 2375 perturbationes
1429 2339 1485 2363 or-

245 2397 306 2431 tae
336 2396 482 2439 essent,
519 2404 541 2428 a
567 2391 726 2444 publicis
754 2392 915 2444 negotiis
954 2391 1002 2429 ad
1030 2392 1224 2433 historiam
1251 2392 1486 2436 scribendam
