1685 2878
738 235 934 274 „22-

213 356 261 396 X.
292 363 329 397 et
356 358 478 406 XV.),
507 359 545 396 in
572 371 647 409 quo
676 358 846 396 Sallustii
875 359 1013 410 scripta
1040 359 1294 409 reprehendit,
1332 364 1377 399 ut
1402 361 1458 398 ni-

213 425 289 463 mia
316 426 518 463 verborum
547 425 791 464 affectatione
820 426 947 464 oblita.
996 425 1122 464 Aulus
1143 425 1291 464 Gellius
1313 427 1457 478 (Noett.

213 492 295 530 Att.
326 492 373 540 I.,
404 494 452 530 15
482 496 520 530 et
542 492 606 540 X.,
637 492 702 541 20)
723 505 809 530 eum
838 497 1082 541 „novatorem
1099 493 1299 532 verborum
1317 497 1356 531 et
1374 506 1458 544 pro-

212 558 420 609 prietatum
443 559 808 597 retinentissimum“
838 559 940 598 dicit.
995 559 1132 611 Neque
1160 560 1208 598 ob
1234 559 1335 598 hune
1362 560 1458 598 anti-

214 626 371 676 quitatis
412 640 579 675 amorem
616 626 891 677 vituperandus
929 632 997 665 est.
1052 627 1098 665 In
1134 627 1205 666 hae
1241 640 1282 666 re
1318 627 1457 679 dignus

214 705 363 744 semper
386 697 454 741 est,
483 693 548 745 qui
570 693 761 741 audiatur,
787 693 1064 737 Quintilianus:
1102 693 1221 731 Verba
1239 708 1264 731 a
1283 686 1458 732 vetustate

214 761 389 809 repetita,
426 775 501 798 non
527 760 645 798 solum
674 774 827 810 maqnos
855 768 1052 798 assertores
1080 761 1224 804 habent,
1252 760 1319 799 sed
1344 762 1457 799 etiam

215 825 380 875 afferunt
398 827 562 864 orationi
574 827 802 863 maiestatem
818 826 988 878 aliquam
1008 841 1082 864 ‘non
1102 828 1183 864 sine
1196 826 1455 872 delectatione;

215 908 304 930 uam
327 902 360 931 et
379 895 634 931 auctoritatem
653 895 889 945 antiquitatis
909 894 1042 932 habent
1061 902 1104 938 et,
1133 896 1224 945 quia
1243 895 1456 932 intermissa

213 968 310 1007 suut,
328 962 495 1011 qratiam
512 962 669 998 novitati
682 961 841 998 similem
857 969 1009 1011 parant.
1032 961 1125 998 Inst.
1143 960 1247 998 Orat.
1263 961 1310 1009 I.,
1331 963 1367 1009 6,
1391 963 1452 999 39.

320 1028 405 1066 Stili
423 1029 598 1077 varietas,
626 1033 670 1066 ut
696 1029 793 1066 hane
810 1033 958 1079 partem
979 1028 1263 1080 aggrediamur,
1291 1029 1339 1066 ab
1359 1029 1454 1079 opti-

215 1096 286 1133 mis
301 1096 515 1146 quibusque
529 1096 772 1146 scriptoribus
789 1108 936 1146 semper
952 1095 1164 1144 adhibetur,
1184 1108 1230 1133 ne
1246 1095 1454 1146 legentium

216 1162 362 1199 animos
389 1162 524 1199 iisdem
551 1162 692 1212 ubique
721 1162 889 1213 repetitis
928 1163 987 1199 vel
1014 1163 1137 1200 verbis
1172 1163 1231 1199 vel
1259 1162 1454 1200 sententiis

215 1234 373 1266 onerent
390 1233 506 1279 atque
526 1230 701 1267 satietate
721 1229 886 1279 quadam
907 1229 1099 1279 impleant.
1125 1229 1319 1273 Quantum
1342 1229 1455 1267 fuerit

217 1295 387 1332 Sallustii
414 1295 618 1332 variandae
656 1295 833 1332 orationis
870 1295 1060 1343 studium,
1098 1308 1146 1332 ex
1183 1295 1241 1331 his
1269 1295 1454 1344 exemplis

216 1362 368 1399 abunde
386 1362 551 1412 patebit:
579 1362 762 1413 Singulae
780 1375 891 1399 voces
910 1366 1193 1412 permutantur:
1221 1361 1333 1399 secus
1352 1361 1454 1399 Hist.

214 1428 288 1477 IL,
318 1430 366 1466 23
397 1429 503 1479 (edit.
527 1429 730 1477 Dietsch.),
757 1443 867 1465 semus
894 1429 996 1466 Hist.
1025 1428 1111 1476 IV.,
1140 1430 1210 1477 533
1238 1428 1457 1465 vocabulum

215 1496 300 1533 Cat.
328 1495 432 1544 LII.,
463 1498 523 1545 11,
551 1496 654 1534 Hist.
682 1496 751 1543 Π.,
780 1498 821 1543 2,
856 1510 988 1533 nomen
1017 1495 1101 1533 Cat.
1130 1495 1199 1543 IL,
1231 1497 1265 1543 1,
1293 1495 1379 1543 VL,
1409 1496 1455 1543 63

216 1564 376 1600 materia
396 1563 484 1615 Iug.
505 1563 674 1612 XVHL,
703 1564 739 1611 5,
767 1563 940 1599 materies
961 1563 1046 1600 Cat.
1066 1562 1131 1610 X.,
1161 1563 1197 1611 3,
1223 1562 1340 1612 plebis
1369 1561 1455 1599 Cat.

214 1631 422 1679 XXXIII.,
451 1633 487 1680 3,
507 1632 633 1682 plebei
658 1631 761 1669 Hist.
781 1630 872 1679 HL,
901 1632 962 1679 61,
993 1631 1061 1679 15;
1081 1630 1188 1681 plebi
1213 1629 1301 1681 Iug.
1326 1630 1388 1678 88,
1421 1630 1455 1677 1,

206 1698 332 1748 plebei
358 1699 460 1737 Hist.
489 1699 520 1736 I.
551 1700 613 1747 48,
644 1699 718 1747 143⁷
751 1697 904 1748 saepius
932 1698 1063 1749 quibus
1092 1701 1129 1735 et
1157 1698 1262 1748 quis,
1300 1698 1457 1734 inermes

215 1765 303 1816 Iug.
332 1765 453 1814 LIV.,
485 1768 553 1815 103
591 1768 750 1804 inermos
777 1765 864 1816 Iug.
892 1764 1052 1813 XCIV„
1082 1766 1127 1813 2,
1163 1763 1268 1802 haud
1293 1767 1332 1801 et
1357 1775 1456 1811 non3

208 1834 391 1882 primum,
420 1833 507 1870 dein
535 1839 574 1871 et
591 1835 711 1877 initio,
740 1833 883 1877 deinde,
913 1832 1104 1881 deinceps3
1133 1846 1233 1882 queo,
1261 1844 1399 1881 nequeo
1420 1834 1458 1867 et

210 1913 375 1949 possum,
412 1914 487 1937 uon
506 1914 671 1950 possum.
727 1899 955 1949 Saepissime
982 1898 1022 1935 in
1048 1898 1229 1948 oppositis
1255 1896 1456 1934 locutioni-

216 1967 287 2004 bus
324 1967 488 2005 varietas
521 1967 769 2005 animadverti
805 1970 942 2017 potest.
998 1965 1187 2016 Exempla
1216 1964 1335 2002 dabo:
1374 1963 1458 2014 Ipsi

212 2048 326 2084 pares
341 2059 382 2063 —
399 2042 556 2072 ceterum
571 2035 700 2085 opibus
714 2034 928 2085 disparibus
942 2034 1030 2084 Iug.
1045 2032 1149 2081 LII.‚
1167 2034 1183 2070 1
1198 2045 1207 2081 3
1232 2033 1457 2086 incer-taprq

217 2105 343 2149 certis,
382 2102 518 2141 bellum
554 2117 665 2154 quam
693 2117 831 2153 pacem
858 2101 1055 2140 malebant.
1111 2100 1196 2139 Cat.
1224 2098 1380 2148 XVII.,
1419 2100 1454 2137 6.

223 2170 271 2208 Ut
298 2171 434 2207 nostris
452 2171 677 2208 vehementer
703 2184 824 2215 carus,
854 2168 1102 2206 Numantinis
1124 2181 1301 2205 maoeumo
1322 2167 1457 2204 terrori

217 2246 314 2275 esset.
366 2238 454 2288 Iug.
482 2237 590 2285 VII.,
618 2239 654 2274 4.
716 2237 764 2275 Ut
791 2239 943 2289 quisque
970 2236 1205 2274 voluntarius
1231 2241 1299 2272 aut
1326 2248 1373 2271 eoe
1399 2247 1454 2271 so-

216 2306 284 2342 ciis
312 2306 352 2342 in
381 2312 506 2342 castra
533 2312 692 2342 venerat.
735 2304 819 2342 Cat.
848 2304 970 2352 LVI.,
999 2305 1034 2341 2.
1077 2301 1255 2340 Audacia
1282 2302 1324 2338 in
1350 2299 1455 2344 bello,

216 2373 281 2410 ubi
295 2387 384 2423 pax
404 2379 582 2418 evenerat,
612 2374 796 2423 aequitate
823 2386 930 2423 seque
958 2384 1105 2422 remque
1123 2368 1320 2420 publicam
1347 2381 1456 2405 cura-

216 2441 316 2481 bant.
372 2440 457 2481 Cat.
486 2440 572 2489 IX„
601 2442 636 2478 3.
691 2440 784 2478 Alia
803 2447 1007 2497 praeterea
1035 2436 1237 2490 maymfica
1258 2449 1334 2491 pro
1360 2449 1398 2473 se
1425 2443 1458 2475 et
