1685 2878
742 212 948 253 ,-14,.

223 337 338 375 simos
366 349 492 375 rerum
520 337 733 388 scriptores,
762 336 846 374 dico
876 335 1100 374 Sallustium
1128 339 1165 373 et
1185 335 1373 385 Tacitum,
1401 336 1468 387 qui

222 404 394 454 quamvis
431 405 666 455 antiquitatis
702 403 827 441 studio
865 403 970 441 ducti
1007 404 1101 451 sint,
1139 403 1176 439 in
1214 404 1315 441 calce
1350 403 1466 440 libelli

222 471 554 510 demonstrabitur.

325 539 440 578 Brevi
467 544 670 590 antequam
699 539 902 576 Sallustius
930 551 1044 589 opera
1071 550 1141 577 sua
1161 537 1292 587 edidit,
1323 538 1463 576 Gaesa-

222 607 271 644 ris
299 607 577 655 commentarii,
614 607 776 657 primum
811 606 1032 644 historicum
1069 618 1165 656 opus
1202 605 1465 644 Romanorum

221 674 445 723 politissima
487 677 567 710 arte
603 673 834 723 perfectum,
879 674 917 709 in
954 673 1128 710 manibus
1177 672 1308 722 populi
1345 676 1463 709 erant.

223 740 464 791 Quamquam
491 740 607 790 igitur
642 739 751 790 primi
780 739 970 791 scriptoris
1007 739 1127 790 gloria
1163 739 1197 777 ei
1223 737 1465 789 praecideba-

221 813 307 855 tur,
341 813 488 855 tamen,
535 808 682 845 etiamsi
720 808 794 846 alia
830 808 911 856 via,
963 807 1123 846 eandem
1159 805 1463 857 magnitudinem

222 876 402 926 consequi
437 879 596 926 poterat.
659 874 759 913 Nam
795 874 999 914 Caesarem
1045 874 1184 913 imitari
1233 886 1309 912 non
1330 872 1463 920 -licuit,

222 955 341 992 quum
372 943 445 980 alio
473 943 585 980 modo
613 943 771 981 materia
798 943 997 981 tractanda
1024 947 1135 980 esset.
1190 942 1319 986 Quare
1346 953 1464 991 quum

222 1009 320 1047 inter
348 1010 550 1060 populares
578 1009 766 1048 neminem
788 1010 990 1049 invenisset
1004 1010 1174 1061 dignum,
1202 1021 1316 1060 quem
1331 1017 1463 1059 seque-

221 1081 337 1124 retur,
366 1077 415 1114 ad
431 1077 597 1115 Graecos
626 1091 666 1115 se
692 1078 884 1126 convertit,
913 1091 1074 1128 quorum
1102 1090 1201 1115 unus
1217 1075 1463 1127 Thucydides

221 1156 370 1194 semper
398 1144 431 1181 ei
459 1148 547 1181 ante
575 1145 703 1181 oculos
731 1136 989 1182 versabatur.'

324 1210 459 1248 Artem
477 1224 566 1248 vero
595 1211 688 1259 eius,
718 1211 748 1248 si
767 1211 934 1249 iudicare
961 1211 1030 1259 vis,
1058 1211 1223 1262 primum
1241 1208 1463 1261 inquirenda

220 1282 277 1314 est
305 1277 470 1315 inventio
498 1277 688 1326 historica,
726 1291 824 1328 quae
852 1292 937 1316 eum
966 1277 1014 1316 ad
1043 1282 1165 1316 totum
1193 1281 1461 1328 argumentum

220 1348 376 1394 spectat,
398 1353 478 1382 tum
502 1344 550 1382 ad
572 1345 740 1396 singulas
761 1346 842 1382 eius
860 1350 998 1396 partes.
1032 1344 1252 1383 Videndum
1271 1349 1328 1382 est
1346 1344 1464 1395 igitur

219 1411 294 1448 iam
322 1411 359 1448 in
387 1411 469 1461 ipso
490 1416 725 1462 argumento,
755 1416 798 1449 ut
825 1416 863 1450 et
890 1425 969 1450 rem
997 1424 1084 1449 vere
1104 1415 1253 1462 gestam
1272 1412 1461 1450 contineat

218 1482 256 1515 et
283 1478 332 1515 sit
356 1478 444 1525 tale,
473 1478 574 1528 quod
604 1491 830 1529 cognoscere
858 1479 1108 1530 plurimorum
1127 1478 1296 1527 intersit;
1324 1479 1462 1517 deinde

223 1557 311 1582 vero
341 1545 515 1595 singulae
543 1557 602 1582 res
628 1545 909 1595 ponderandae,
937 1545 1182 1596 gravissimae
1220 1545 1369 1596 plenius
1397 1558 1462 1583 ex-

219 1611 431 1661 ponendae,
461 1624 558 1662 quae
577 1612 730 1650 minoris
756 1612 937 1651 momenti
965 1616 1064 1661 sunt,
1093 1612 1213 1651 obiter
1240 1624 1463 1651 commemo—

215 1679 369 1726 randae,
396 1679 493 1716 scitu
513 1679 664 1717 inutiles
683 1680 996 1729 praetereundae.
1044 1680 1129 1723 Quo
1150 1679 1314 1730 pertinet
1334 1680 1461 1727 etiam,

219 1749 264 1783 ut
291 1745 456 1783 narratio
486 1745 595 1783 iustis
625 1746 806 1785 limitibus
833 1746 1181 1795 circumscribatur,
1209 1745 1370 1797 ideoque
1398 1745 1463 1784 ubi

215 1812 401 1860 convenit,
431 1817 468 1850 et
492 1812 662 1851 ordiatur
689 1818 727 1851 et
745 1819 869 1852 exeat.
915 1813 1017 1852 Nam
1044 1813 1075 1851 is
1095 1813 1166 1851 arti
1187 1812 1271 1851 finis
1299 1817 1356 1851 est
1376 1826 1461 1863 pro-

217 1878 377 1929 positus,
401 1882 445 1916 ut
462 1878 612 1930 singula
627 1892 801 1931 quaeque
816 1881 854 1917 in
874 1893 992 1918 unum
1012 1879 1121 1931 quasi
1142 1892 1278 1930 corpus
1291 1880 1462 1931 partibus

215 1946 294 1982 suis
323 1946 521 1983 commode
548 1947 781 1998 pulchreque
810 1961 1034 1998 expressum
1064 1947 1230 1998 colligat.
1442 1946 1444 1950 ¹

317 2012 426 2050 Haec
450 2013 575 2051 omnia
595 2026 775 2064 magnam
793 2019 941 2065 partem
961 2014 1129 2065 pendent
1156 2027 1205 2051 ex
1233 2014 1319 2062 fine,
1348 2026 1461 2065 quem

214 2079 284 2115 sibi
313 2079 515 2117 historicus
543 2081 749 2130 proposuit.
806 2081 934 2125 Quum
964 2081 1143 2118 Sallustio
1180 2081 1211 2118 is
1239 2085 1338 2119 esset
1364 2080 1461 2128 finis,

216 2149 259 2182 ut
288 2144 577 2194 demonstraret,
605 2147 794 2197 quomodo
823 2160 946 2186 mores
973 2147 1117 2198 antiqui
1138 2147 1302 2198 corrupti
1324 2152 1460 2196 essent,

213 2212 406 2262 quomodo
428 2212 559 2251 civitas
587 2214 625 2251 in
643 2214 844 2252 discrimen
871 2218 1017 2263 vocata,
1046 2227 1132 2252 eum
1154 2214 1315 2265 optimas
1343 2219 1460 2253 mate-

212 2279 288 2317 rias
311 2279 528 2319 tractandas
551 2280 620 2319 sibi
642 2281 859 2332 sumpsisse,
880 2285 1049 2333 apparet.
1078 2280 1138 2319 De
1159 2281 1322 2321 Catilina
1342 2281 1460 2330 iuvat,

215 2347 331 2385 verba
360 2348 496 2385 Gallici
526 2348 642 2386 critici
671 2348 899 2387 describere:

316 2415 416 2460 Quel
447 2415 670 2453 formidable
694 2415 836 2453 interet
872 2415 966 2454 dans
1003 2430 1045 2455 ce
1085 2417 1217 2456 drame
1245 2417 1459 2469 grandiose,

1475 1607 1497 1632 Ι
