1685 2878
753 233 959 279 —394

195 359 200 360 ⁷
240 362 364 412 obire3
393 361 479 412 VI„
509 364 558 401 50
584 362 703 412 finire,
730 363 999 402 mortalitatem
1018 362 1192 413 explere3
1220 361 1310 409 III.,
1339 361 1387 398 76
1415 373 1477 398 su-

237 419 411 481 premum
437 430 537 469 diem
566 430 739 481 explere3
771 430 833 479 V„
863 431 886 468 8
913 430 1030 469 vitam
1056 428 1175 467 finire.
1208 452 1252 456 —
1280 428 1327 466 In
1344 428 1476 467 verbo-

237 510 321 535 rum
359 497 508 536 casibus
544 501 582 535 et
608 497 840 548 temporibus
876 496 1010 535 eadem
1044 496 1118 534 stili
1153 496 1336 544 varietas3
1372 495 1474 533 Ann.

237 564 353 613 XII.,
393 566 440 603 29
472 564 638 603 subsidio
666 564 774 603 victis
813 569 850 603 et
876 569 1057 603 terrorem
1084 563 1265 602 adversus
1292 563 1475 611 victorcs3

236 631 340 681 XV„
371 633 418 670 53
447 633 561 671 animi
589 632 739 670 validus
767 636 803 670 et
830 644 984 683 corpore
1012 631 1166 682 ingens3
1204 631 1307 668 Hist.
1336 630 1382 678 I.,
1412 631 1474 677 53,

238 712 392 751 corpore
419 700 576 751 ingens,
614 699 730 737 animi
756 698 992 737 immodicus.
1026 721 1069 726 —-
1099 698 1201 736 Ann.
1230 697 1326 745 HL,
1363 698 1411 735 20
1437 697 1473 734 in

237 778 314 804 una
341 767 525 804 sententia
560 779 737 816 praesens
764 766 1003 813 historicum,
1042 764 1248 802 infinitivus
1275 764 1473 803 historicus

238 836 352 884 atque
378 834 589 884 perfectum
617 833 919 884 coniunguntur:
948 831 1089 870 Eodem
1108 845 1208 869 amco
1232 830 1472 881 Tacfarinas.

242 914 347 951 quem
367 900 522 950 pulsum
551 914 573 937 a
597 900 757 938 Camillo
784 901 996 945 memoravi,
1025 898 1159 936 bellum
1186 900 1226 935 in
1254 897 1392 948 Africa
1419 913 1473 935 re—

236 974 365 1010 novat,
403 967 507 1015 vayis
537 968 707 1017 primum
725 966 1035 1017 pcspulationibus
1072 973 1104 1003 et
1140 965 1181 1003 ob
1210 966 1470 1016 pernicitatem

237 1033 387 1081 inultis,
429 1033 515 1070 dein
554 1035 650 1071 vicos
686 1033 898 1079 eoeeindere,
941 1033 1087 1070 trahere
1121 1047 1254 1083 yma-es
1281 1032 1473 1082 praedas,·

228 1107 414 1150 postremo
433 1099 538 1137 haud
554 1100 684 1151 procul
704 1099 864 1152 Payyda
883 1099 1043 1151 flumine
1062 1099 1241 1137 eohortem
1264 1098 1471 1137 Romanam

236 1167 477 1204 circumsedit.

339 1233 397 1271 Ob
426 1233 604 1272 orationis
632 1234 818 1272 concisam
846 1235 1068 1272 brevitatem
1091 1233 1313 1272 Sallustium
1341 1238 1379 1272 et
1398 1233 1471 1272 Ta-

236 1300 354 1339 citum
391 1301 637 1339 conferendos
680 1315 761 1340 esse
799 1302 908 1340 facile
944 1301 1150 1350 concedas,
1196 1314 1317 1352 neque
1364 1309 1470 1352 put0,

237 1366 414 1405 Tacitum
444 1368 480 1405 in
508 1368 586 1406 ulla
612 1381 652 1406 re
680 1368 957 1419 diligentiorem
985 1368 1111 1406 fuisse.
1142 1368 1359 1406 Sententiae
1386 1381 1472 1419 gra-

236 1434 411 1473 vissimae
438 1439 524 1486 apte
543 1439 777 1485 premuntur,
806 1435 1010 1486 unicuique
1037 1436 1219 1474 vocabulo
1246 1448 1360 1486 quam
1388 1436 1470 1486 plu-

236 1500 371 1551 rimum
399 1501 588 1549 tribuitur,
616 1501 706 1539 talia
732 1502 846 1539 verba
884 1507 922 1540 et
949 1503 1237 1553 compositiones
1265 1502 1469 1552 eliguntur,

236 1568 372 1618 quibus
413 1572 514 1607 totae
552 1569 760 1607 sententiae
797 1569 1040 1620 interpositae
1076 1572 1385 1620 compensantur,
1426 1574 1469 1606 ut

235 1635 470 1673 substantiva
497 1636 683 1684 verbalia,
720 1627 945 1686 participia,
972 1636 1118 1687 figurae
1146 1636 1354 1674 orationem
1381 1648 1467 1673 con-

234 1702 445 1750 trahentes,
491 1715 651 1753 quarum
698 1716 860 1754 zeugma
904 1716 1050 1740 summa
1095 1703 1256 1741 audacia
1300 1702 1465 1740 adhibet.

233 1767 464 1820 Exemplum
493 1774 549 1807 est
576 1769 675 1807 Ann'.
705 1769 759 1817 I.,
797 1771 866 1807 35:
919 1770 1183 1807 Acraei-sisinius
1211 1778 1465 1807 veteranorum

232 1834 373 1873 clamor
400 1836 597 1884 oriebatur,
634 1837 699 1888 qui
726 1837 864 1874 tricena
893 1844 958 1873 aut
984 1850 1102 1886 supra
1128 1835 1315 1886 stipendia
1342 1850 1465 1873 nunce-

231 1892 367 1948 r'ames,
400 1902 605 1940 mederetur
619 1903 746 1953 fessis,
774 1917 846 1940 ‘neu
865 1911 1012 1940 mortem
1042 1904 1082 1940 in
1110 1902 1239 1940 iisdem
1266 1903 1464 1951 laboribus,

230 1968 297 2006 sed
320 1968 435 2020 finem
476 1977 551 2006 tam
580 1970 761 2007 emercitae
789 1969 947 2007 militiae
982 1984 1096 2021 neque
1131 1971 1274 2021 inopem
1304 1971 1463 2022 requiem

235 2036 415 2081 orabant,
462 2037 485 2074 i.
525 2049 557 2074 e.
596 2050 642 2074 ne
687 2041 806 2074 morte
843 2037 1001 2087 opprimi
1036 2037 1073 2074 in
1109 2037 1241 2075 iisdem
1276 2038 1467 2076 laboribus

231 2106 449 2152 pateretur,
505 2102 570 2140 sed
615 2102 726 2141 finem
772 2127 815 2131 -
853 2103 1107 2154 permitteret,
1154 2104 1321 2142 orabant.
1387 2103 1464 2142 Ofr.

230 2167 416 2220 Madvigii
447 2169 614 2207 Gramm.
646 2171 666 2218 ξ
695 2171 782 2218 479,
811 2170 847 2207 d.
881 2194 921 2198 ——
956 2170 1053 2208 Cum
1080 2171 1262 2209 brevitate
1291 2172 1465 2209 cohaeret

228 2236 419 2284 velocitas,
451 2249 564 2287 quam
593 2241 709 2287 auget
735 2237 901 2274 maxime
925 2241 1149 2288 usurpatum
1191 2237 1398 2288 asyndeton
1428 2242 1465 2275 et

229 2302 390 2340 omissae
417 2303 645 2354 particulae,
682 2303 747 2341 sed
775 2304 946 2354 quamvis
972 2316 1131 2353 magnos
1158 2317 1311 2354 gressus
1339 2305 1464 2353 faciat,

228 2374 355 2409 tamen
381 2382 428 2408 ne
458 2382 545 2409 eum
573 2382 722 2409 currere
749 2369 864 2408 dieas.
912 2370 1039 2415 Quum
1068 2374 1256 2409 structura
1285 2371 1463 2410 orationis

227 2437 398 2488 paullum
426 2437 743 2488 interrumpatur,
779 2438 816 2474 in
846 2451 887 2475 ca
918 2439 1014 2476 inest
1041 2439 1229 2490 quaedam
1257 2440 1462 2491 conspicua
