<?xml version="1.0" encoding="UTF-8"?>
<!DOCTYPE html PUBLIC "-//W3C//DTD XHTML 1.0 Transitional//EN"
    "http://www.w3.org/TR/xhtml1/DTD/xhtml1-transitional.dtd">
<html xmlns="http://www.w3.org/1999/xhtml" xml:lang="en" lang="en">
 <head>
  <title>
</title>
<meta http-equiv="Content-Type" content="text/html;charset=utf-8" />
  <meta name='ocr-system' content='tesseract 3.04.00' />
  <meta name='ocr-capabilities' content='ocr_page ocr_carea ocr_par ocr_line ocrx_word'/>
</head>
<body>
  <div class='ocr_page' id='page_1' title='image "./4630401_0035.png"; bbox 0 0 1685 2878; ppageno 0'>
   <div class='ocr_carea' id='block_1_1' title="bbox 757 223 963 261">
    <p class='ocr_par' dir='ltr' id='par_1_1' title="bbox 757 223 963 261">
     <span class='ocr_line' id='line_1_1' title="bbox 757 223 963 261; baseline -0.005 -11"><span class='ocrx_word' id='word_1_1' title='bbox 757 223 963 261; x_wconf 52' lang='lat'>„29-</span> 
     </span>
    </p>
   </div>
   <div class='ocr_carea' id='block_1_2' title="bbox 232 343 1480 2484">
    <p class='ocr_par' dir='ltr' id='par_1_2' title="bbox 232 343 1480 2484">
     <span class='ocr_line' id='line_1_2' title="bbox 241 343 1479 398; baseline -0.004 -12"><span class='ocrx_word' id='word_1_2' title='bbox 241 347 393 395; x_wconf 89' lang='lat' dir='ltr'>tribuat,</span> <span class='ocrx_word' id='word_1_3' title='bbox 421 360 539 398; x_wconf 90' lang='lat' dir='ltr'>quum</span> <span class='ocrx_word' id='word_1_4' title='bbox 565 343 729 397; x_wconf 86' lang='lat' dir='ltr'>populus</span> <span class='ocrx_word' id='word_1_5' title='bbox 756 347 794 384; x_wconf 90' lang='lat' dir='ltr'>in</span> <span class='ocrx_word' id='word_1_6' title='bbox 821 346 980 385; x_wconf 85' lang='lat' dir='ltr'>veritate</span> <span class='ocrx_word' id='word_1_7' title='bbox 999 343 1217 395; x_wconf 86' lang='lat' dir='ltr'>quaerenda</span> <span class='ocrx_word' id='word_1_8' title='bbox 1243 344 1368 383; x_wconf 82' lang='lat' dir='ltr'>minus</span> <span class='ocrx_word' id='word_1_9' title='bbox 1395 343 1479 381; x_wconf 91' lang='lat' dir='ltr'>dili-</span> 
     </span>
     <span class='ocr_line' id='line_1_3' title="bbox 241 411 1480 467; baseline -0.003 -14"><span class='ocrx_word' id='word_1_10' title='bbox 241 427 335 467; x_wconf 87' lang='lat' dir='ltr'>gens</span> <span class='ocrx_word' id='word_1_11' title='bbox 362 414 429 463; x_wconf 82' lang='lat' dir='ltr'>sit,</span> <span class='ocrx_word' id='word_1_12' title='bbox 466 417 595 453; x_wconf 87' lang='lat' dir='ltr'>vetera</span> <span class='ocrx_word' id='word_1_13' title='bbox 621 413 830 453; x_wconf 74' lang='lat' dir='ltr'>admiretur</span> <span class='ocrx_word' id='word_1_14' title='bbox 856 417 894 452; x_wconf 91' lang='lat' dir='ltr'>et</span> <span class='ocrx_word' id='word_1_15' title='bbox 921 411 1059 452; x_wconf 84' lang='lat' dir='ltr'>fabulis</span> <span class='ocrx_word' id='word_1_16' title='bbox 1085 411 1308 459; x_wconf 79' lang='lat' dir='ltr'>delectetur,</span> <span class='ocrx_word' id='word_1_17' title='bbox 1342 414 1480 462; x_wconf 87' lang='lat' dir='ltr'>poetae</span> 
     </span>
     <span class='ocr_line' id='line_1_4' title="bbox 239 478 1479 532; baseline -0.003 -13"><span class='ocrx_word' id='word_1_18' title='bbox 239 495 328 521; x_wconf 90' lang='lat' dir='ltr'>vero</span> <span class='ocrx_word' id='word_1_19' title='bbox 356 482 481 520; x_wconf 88' lang='lat' dir='ltr'>omnia</span> <span class='ocrx_word' id='word_1_20' title='bbox 507 482 651 520; x_wconf 87' lang='lat' dir='ltr'>maiora</span> <span class='ocrx_word' id='word_1_21' title='bbox 678 486 716 520; x_wconf 89' lang='lat' dir='ltr'>et</span> <span class='ocrx_word' id='word_1_22' title='bbox 734 481 988 532; x_wconf 75' lang='lat' dir='ltr'>splendidiora</span> <span class='ocrx_word' id='word_1_23' title='bbox 1005 479 1178 518; x_wconf 78' lang='lat' dir='ltr'>reddant.</span> <span class='ocrx_word' id='word_1_24' title='bbox 1232 478 1309 516; x_wconf 79' lang='lat' dir='ltr'>Cfr.</span> <span class='ocrx_word' id='word_1_25' title='bbox 1338 478 1385 526; x_wconf 92' lang='grc' dir='ltr'>Ι.,</span> <span class='ocrx_word' id='word_1_26' title='bbox 1415 479 1479 525; x_wconf 82' lang='grc'>21,</span> 
     </span>
     <span class='ocr_line' id='line_1_5' title="bbox 241 545 1478 592; baseline -0.005 -6"><span class='ocrx_word' id='word_1_27' title='bbox 241 549 302 586; x_wconf 86' lang='grc'>22.</span> <span class='ocrx_word' id='word_1_28' title='bbox 357 548 482 592; x_wconf 83' lang='lat' dir='ltr'>Quem</span> <span class='ocrx_word' id='word_1_29' title='bbox 516 548 564 585; x_wconf 87' lang='lat' dir='ltr'>ab</span> <span class='ocrx_word' id='word_1_30' title='bbox 600 548 656 585; x_wconf 89' lang='lat' dir='ltr'>ira</span> <span class='ocrx_word' id='word_1_31' title='bbox 692 551 730 585; x_wconf 88' lang='lat' dir='ltr'>et</span> <span class='ocrx_word' id='word_1_32' title='bbox 765 547 891 585; x_wconf 80' lang='lat' dir='ltr'>studio</span> <span class='ocrx_word' id='word_1_33' title='bbox 919 546 1126 585; x_wconf 88' lang='lat' dir='ltr'>factionum</span> <span class='ocrx_word' id='word_1_34' title='bbox 1154 546 1320 583; x_wconf 90' lang='lat' dir='ltr'>alienum</span> <span class='ocrx_word' id='word_1_35' title='bbox 1347 545 1478 592; x_wconf 85' lang='lat' dir='ltr'>fuisse,</span> 
     </span>
     <span class='ocr_line' id='line_1_6' title="bbox 240 612 1479 665; baseline -0.004 -11"><span class='ocrx_word' id='word_1_36' title='bbox 240 629 315 654; x_wconf 92' lang='lat' dir='ltr'>non</span> <span class='ocrx_word' id='word_1_37' title='bbox 342 616 485 664; x_wconf 84' lang='lat' dir='ltr'>solum,</span> <span class='ocrx_word' id='word_1_38' title='bbox 519 615 756 665; x_wconf 89' lang='lat' dir='ltr'>prooemium</span> <span class='ocrx_word' id='word_1_39' title='bbox 793 614 875 653; x_wconf 90' lang='lat' dir='ltr'>eius</span> <span class='ocrx_word' id='word_1_40' title='bbox 901 614 1065 661; x_wconf 88' lang='lat' dir='ltr'>indicat,</span> <span class='ocrx_word' id='word_1_41' title='bbox 1104 613 1170 651; x_wconf 92' lang='lat' dir='ltr'>ubi</span> <span class='ocrx_word' id='word_1_42' title='bbox 1197 612 1336 651; x_wconf 85' lang='lat' dir='ltr'>rectius</span> <span class='ocrx_word' id='word_1_43' title='bbox 1363 624 1479 662; x_wconf 88' lang='lat' dir='ltr'>quam</span> 
     </span>
     <span class='ocr_line' id='line_1_7' title="bbox 239 679 1478 731; baseline -0.003 -11"><span class='ocrx_word' id='word_1_44' title='bbox 239 682 354 721; x_wconf 87' lang='lat' dir='ltr'>ceteri</span> <span class='ocrx_word' id='word_1_45' title='bbox 390 682 439 719; x_wconf 89' lang='lat' dir='ltr'>de</span> <span class='ocrx_word' id='word_1_46' title='bbox 474 681 733 731; x_wconf 88' lang='lat' dir='ltr'>antiquissimo</span> <span class='ocrx_word' id='word_1_47' title='bbox 771 680 1005 719; x_wconf 82' lang='lat' dir='ltr'>Graecorum</span> <span class='ocrx_word' id='word_1_48' title='bbox 1040 684 1144 718; x_wconf 86' lang='lat' dir='ltr'>statu</span> <span class='ocrx_word' id='word_1_49' title='bbox 1182 679 1371 729; x_wconf 85' lang='lat' dir='ltr'>disputat,</span> <span class='ocrx_word' id='word_1_50' title='bbox 1411 679 1478 716; x_wconf 86' lang='lat' dir='ltr'>sed</span> 
     </span>
     <span class='ocr_line' id='line_1_8' title="bbox 239 746 1477 799; baseline -0.003 -11"><span class='ocrx_word' id='word_1_51' title='bbox 239 749 404 788; x_wconf 83' lang='lat' dir='ltr'>maxime</span> <span class='ocrx_word' id='word_1_52' title='bbox 425 749 487 788; x_wconf 92' lang='lat' dir='ltr'>ille</span> <span class='ocrx_word' id='word_1_53' title='bbox 505 749 623 796; x_wconf 79' lang='lat' dir='ltr'>locus,</span> <span class='ocrx_word' id='word_1_54' title='bbox 648 761 723 799; x_wconf 93' lang='lat' dir='ltr'>quo</span> <span class='ocrx_word' id='word_1_55' title='bbox 743 761 856 787; x_wconf 83' lang='lat' dir='ltr'>suum</span> <span class='ocrx_word' id='word_1_56' title='bbox 875 748 994 799; x_wconf 83' lang='lat' dir='ltr'>ipsius</span> <span class='ocrx_word' id='word_1_57' title='bbox 1013 747 1189 786; x_wconf 78' lang='lat' dir='ltr'>exsilium</span> <span class='ocrx_word' id='word_1_58' title='bbox 1206 751 1347 795; x_wconf 87' lang='lat' dir='ltr'>narrat,</span> <span class='ocrx_word' id='word_1_59' title='bbox 1376 746 1477 797; x_wconf 91' lang='lat' dir='ltr'>quod</span> 
     </span>
     <span class='ocr_line' id='line_1_9' title="bbox 240 814 1478 867; baseline -0.003 -12"><span class='ocrx_word' id='word_1_60' title='bbox 240 817 344 855; x_wconf 86' lang='lat' dir='ltr'>nulla</span> <span class='ocrx_word' id='word_1_61' title='bbox 369 816 408 854; x_wconf 92' lang='lat' dir='ltr'>in</span> <span class='ocrx_word' id='word_1_62' title='bbox 435 829 665 867; x_wconf 85' lang='lat' dir='ltr'>quemquam</span> <span class='ocrx_word' id='word_1_63' title='bbox 693 816 934 855; x_wconf 81' lang='lat' dir='ltr'>accusatione</span> <span class='ocrx_word' id='word_1_64' title='bbox 962 814 1104 863; x_wconf 87' lang='lat' dir='ltr'>addita,</span> <span class='ocrx_word' id='word_1_65' title='bbox 1139 814 1303 853; x_wconf 85' lang='lat' dir='ltr'>breviter</span> <span class='ocrx_word' id='word_1_66' title='bbox 1328 817 1478 852; x_wconf 82' lang='lat' dir='ltr'>tantuin</span> 
     </span>
     <span class='ocr_line' id='line_1_10' title="bbox 239 882 1477 935; baseline -0.003 -13"><span class='ocrx_word' id='word_1_67' title='bbox 239 884 375 935; x_wconf 86' lang='lat' dir='ltr'>tangit.</span> <span class='ocrx_word' id='word_1_68' title='bbox 412 883 618 922; x_wconf 87' lang='lat' dir='ltr'>Praeterea</span> <span class='ocrx_word' id='word_1_69' title='bbox 635 883 765 921; x_wconf 89' lang='lat' dir='ltr'>iudicii</span> <span class='ocrx_word' id='word_1_70' title='bbox 787 883 973 930; x_wconf 81' lang='lat' dir='ltr'>acumine,</span> <span class='ocrx_word' id='word_1_71' title='bbox 993 883 1185 920; x_wconf 85' lang='lat' dir='ltr'>variarum</span> <span class='ocrx_word' id='word_1_72' title='bbox 1203 894 1329 919; x_wconf 88' lang='lat' dir='ltr'>rerum</span> <span class='ocrx_word' id='word_1_73' title='bbox 1351 882 1477 932; x_wconf 84' lang='lat' dir='ltr'>cogni-</span> 
     </span>
     <span class='ocr_line' id='line_1_11' title="bbox 240 949 1477 1001; baseline -0.002 -12"><span class='ocrx_word' id='word_1_74' title='bbox 240 951 362 999; x_wconf 81' lang='lat' dir='ltr'>tione,</span> <span class='ocrx_word' id='word_1_75' title='bbox 398 951 608 989; x_wconf 84' lang='lat' dir='ltr'>liberaliore</span> <span class='ocrx_word' id='word_1_76' title='bbox 644 950 811 1001; x_wconf 89' lang='lat' dir='ltr'>quodam</span> <span class='ocrx_word' id='word_1_77' title='bbox 848 963 961 988; x_wconf 83' lang='lat' dir='ltr'>sensu</span> <span class='ocrx_word' id='word_1_78' title='bbox 999 949 1154 988; x_wconf 84' lang='lat' dir='ltr'>adiutus</span> <span class='ocrx_word' id='word_1_79' title='bbox 1190 961 1258 987; x_wconf 88' lang='lat' dir='ltr'>nec</span> <span class='ocrx_word' id='word_1_80' title='bbox 1284 949 1477 999; x_wconf 86' lang='lat' dir='ltr'>impensae</span> 
     </span>
     <span class='ocr_line' id='line_1_12' title="bbox 238 1015 1478 1069; baseline -0.002 -13"><span class='ocrx_word' id='word_1_81' title='bbox 238 1030 308 1056; x_wconf 87' lang='lat' dir='ltr'>nec</span> <span class='ocrx_word' id='word_1_82' title='bbox 334 1018 453 1056; x_wconf 88' lang='lat' dir='ltr'>labori</span> <span class='ocrx_word' id='word_1_83' title='bbox 481 1018 666 1069; x_wconf 88' lang='lat' dir='ltr'>pepercit,</span> <span class='ocrx_word' id='word_1_84' title='bbox 702 1022 746 1056; x_wconf 91' lang='lat' dir='ltr'>ut</span> <span class='ocrx_word' id='word_1_85' title='bbox 772 1018 817 1055; x_wconf 85' lang='lat' dir='ltr'>iis</span> <span class='ocrx_word' id='word_1_86' title='bbox 845 1018 910 1068; x_wconf 93' lang='lat' dir='ltr'>qui</span> <span class='ocrx_word' id='word_1_87' title='bbox 938 1017 1173 1068; x_wconf 85' lang='lat' dir='ltr'>antiquitatis</span> <span class='ocrx_word' id='word_1_88' title='bbox 1201 1015 1371 1054; x_wconf 85' lang='lat' dir='ltr'>studium</span> <span class='ocrx_word' id='word_1_89' title='bbox 1399 1028 1478 1053; x_wconf 89' lang='lat' dir='ltr'>am-</span> 
     </span>
     <span class='ocr_line' id='line_1_13' title="bbox 238 1083 1477 1136; baseline -0.002 -12"><span class='ocrx_word' id='word_1_90' title='bbox 238 1086 493 1136; x_wconf 85' lang='lat' dir='ltr'>plecterentur</span> <span class='ocrx_word' id='word_1_91' title='bbox 511 1099 608 1136; x_wconf 85' lang='lat' dir='ltr'>opus</span> <span class='ocrx_word' id='word_1_92' title='bbox 630 1099 744 1124; x_wconf 87' lang='lat' dir='ltr'>suum</span> <span class='ocrx_word' id='word_1_93' title='bbox 763 1085 1006 1124; x_wconf 83' lang='lat' dir='ltr'>utilissimum</span> <span class='ocrx_word' id='word_1_94' title='bbox 1025 1085 1177 1123; x_wconf 83' lang='lat' dir='ltr'>faceret.</span> <span class='ocrx_word' id='word_1_95' title='bbox 1220 1083 1349 1128; x_wconf 83' lang='lat' dir='ltr'>Quare</span> <span class='ocrx_word' id='word_1_96' title='bbox 1376 1088 1477 1122; x_wconf 88' lang='lat' dir='ltr'>recte</span> 
     </span>
     <span class='ocr_line' id='line_1_14' title="bbox 240 1150 1477 1203; baseline -0.002 -13"><span class='ocrx_word' id='word_1_97' title='bbox 240 1152 372 1191; x_wconf 85' lang='lat' dir='ltr'>Cicero</span> <span class='ocrx_word' id='word_1_98' title='bbox 400 1152 439 1190; x_wconf 89' lang='lat' dir='ltr'>in</span> <span class='ocrx_word' id='word_1_99' title='bbox 454 1152 577 1191; x_wconf 92' lang='lat' dir='ltr'>Bruto</span> <span class='ocrx_word' id='word_1_100' title='bbox 606 1165 638 1191; x_wconf 91' lang='lat' dir='ltr'>c.</span> <span class='ocrx_word' id='word_1_101' title='bbox 660 1153 708 1190; x_wconf 83' lang='lat'>83</span> <span class='ocrx_word' id='word_1_102' title='bbox 738 1165 826 1191; x_wconf 89' lang='lat' dir='ltr'>eum</span> <span class='ocrx_word' id='word_1_103' title='bbox 855 1165 1004 1201; x_wconf 82' lang='lat' dir='ltr'>„rerum</span> <span class='ocrx_word' id='word_1_104' title='bbox 1032 1156 1227 1203; x_wconf 84' lang='lat' dir='ltr'>gestarum</span> <span class='ocrx_word' id='word_1_105' title='bbox 1253 1150 1477 1202; x_wconf 91' lang='lat' dir='ltr'>pronuncia-</span> 
     </span>
     <span class='ocr_line' id='line_1_15' title="bbox 239 1219 1476 1271; baseline -0.002 -13"><span class='ocrx_word' id='word_1_106' title='bbox 239 1225 360 1258; x_wconf 90' lang='lat' dir='ltr'>torem</span> <span class='ocrx_word' id='word_1_107' title='bbox 396 1220 607 1258; x_wconf 79' lang='lat' dir='ltr'>sincerum“</span> <span class='ocrx_word' id='word_1_108' title='bbox 646 1221 813 1271; x_wconf 87' lang='lat' dir='ltr'>appellat</span> <span class='ocrx_word' id='word_1_109' title='bbox 850 1225 887 1259; x_wconf 88' lang='lat' dir='ltr'>et</span> <span class='ocrx_word' id='word_1_110' title='bbox 922 1219 1128 1271; x_wconf 85' lang='lat' dir='ltr'>Dionysius</span> <span class='ocrx_word' id='word_1_111' title='bbox 1164 1219 1476 1257; x_wconf 86' lang='lat' dir='ltr'>Halicarnassen-</span> 
     </span>
     <span class='ocr_line' id='line_1_16' title="bbox 239 1287 1476 1336; baseline -0.001 -11"><span class='ocrx_word' id='word_1_112' title='bbox 239 1287 312 1336; x_wconf 85' lang='lat' dir='ltr'>sis,</span> <span class='ocrx_word' id='word_1_113' title='bbox 359 1287 467 1325; x_wconf 82' lang='lat' dir='ltr'>cuius</span> <span class='ocrx_word' id='word_1_114' title='bbox 507 1288 766 1325; x_wconf 90' lang='lat' dir='ltr'>testimonium</span> <span class='ocrx_word' id='word_1_115' title='bbox 805 1288 866 1325; x_wconf 93' lang='lat' dir='ltr'>hic</span> <span class='ocrx_word' id='word_1_116' title='bbox 907 1300 951 1326; x_wconf 93' lang='lat' dir='ltr'>eo</span> <span class='ocrx_word' id='word_1_117' title='bbox 992 1287 1144 1326; x_wconf 84' lang='lat' dir='ltr'>maioris</span> <span class='ocrx_word' id='word_1_118' title='bbox 1184 1287 1365 1325; x_wconf 87' lang='lat' dir='ltr'>momenti</span> <span class='ocrx_word' id='word_1_119' title='bbox 1407 1291 1476 1335; x_wconf 86' lang='lat' dir='ltr'>est,</span> 
     </span>
     <span class='ocr_line' id='line_1_17' title="bbox 236 1353 1472 1406; baseline 0 -15"><span class='ocrx_word' id='word_1_120' title='bbox 236 1367 311 1404; x_wconf 91' lang='lat' dir='ltr'>quo</span> <span class='ocrx_word' id='word_1_121' title='bbox 339 1355 521 1393; x_wconf 88' lang='lat' dir='ltr'>acriorem</span> <span class='ocrx_word' id='word_1_122' title='bbox 549 1354 807 1393; x_wconf 85' lang='lat' dir='ltr'>adversarium</span> <span class='ocrx_word' id='word_1_123' title='bbox 835 1354 1071 1406; x_wconf 82' lang='lat' dir='ltr'>Thucydidis</span> <span class='ocrx_word' id='word_1_124' title='bbox 1108 1355 1202 1392; x_wconf 86' lang='lat' dir='ltr'>alias</span> <span class='ocrx_word' id='word_1_125' title='bbox 1240 1367 1279 1392; x_wconf 85' lang='lat' dir='ltr'>se</span> <span class='ocrx_word' id='word_1_126' title='bbox 1307 1353 1472 1391; x_wconf 79' lang='lat' dir='ltr'>exhibet.</span> 
     </span>
     <span class='ocr_line' id='line_1_18' title="bbox 236 1418 1476 1476; baseline -0.001 -14"><span class='ocrx_word' id='word_1_127' title='bbox 236 1425 515 1476; x_wconf 80' lang='grc' dir='ltr'><strong><em>Μαρτυρεῖται</em></strong></span> <span class='ocrx_word' id='word_1_128' title='bbox 541 1423 600 1474; x_wconf 74' lang='grc' dir='ltr'>τῷ</span> <span class='ocrx_word' id='word_1_129' title='bbox 627 1419 754 1474; x_wconf 72' lang='grc' dir='ltr'>ἀνδρί,</span> <span class='ocrx_word' id='word_1_130' title='bbox 790 1422 914 1473; x_wconf 90' lang='lat' dir='ltr'>inquit</span> <span class='ocrx_word' id='word_1_131' title='bbox 938 1436 1028 1474; x_wconf 84' lang='lat' dir='ltr'>pag.</span> <span class='ocrx_word' id='word_1_132' title='bbox 1058 1423 1145 1471; x_wconf 83' lang='lat'>824,</span> <span class='ocrx_word' id='word_1_133' title='bbox 1173 1418 1274 1473; x_wconf 82' lang='grc' dir='ltr'>τάχα</span> <span class='ocrx_word' id='word_1_134' title='bbox 1299 1422 1369 1473; x_wconf 80' lang='grc' dir='ltr'>μὲν</span> <span class='ocrx_word' id='word_1_135' title='bbox 1396 1421 1476 1462; x_wconf 79' lang='grc' dir='ltr'>ὑπὸ</span> 
     </span>
     <span class='ocr_line' id='line_1_19' title="bbox 235 1486 1477 1543; baseline -0.001 -14"><span class='ocrx_word' id='word_1_136' title='bbox 235 1487 391 1530; x_wconf 81' lang='grc' dir='ltr'><em>πάντων</em></span> <span class='ocrx_word' id='word_1_137' title='bbox 419 1486 651 1543; x_wconf 84' lang='grc' dir='ltr'><strong><em>φιλοσόφων</em></strong></span> <span class='ocrx_word' id='word_1_138' title='bbox 684 1506 728 1530; x_wconf 84' lang='grc' dir='ltr'>τε</span> <span class='ocrx_word' id='word_1_139' title='bbox 755 1491 821 1530; x_wconf 83' lang='grc' dir='ltr'>καὶ</span> <span class='ocrx_word' id='word_1_140' title='bbox 847 1488 1043 1542; x_wconf 77' lang='grc' dir='ltr'>ῥητόρων,</span> <span class='ocrx_word' id='word_1_141' title='bbox 1080 1490 1117 1530; x_wconf 78' lang='grc' dir='ltr'>εἰ</span> <span class='ocrx_word' id='word_1_142' title='bbox 1147 1490 1192 1530; x_wconf 77' lang='grc' dir='ltr'>δὲ</span> <span class='ocrx_word' id='word_1_143' title='bbox 1218 1487 1294 1542; x_wconf 77' lang='grc' dir='ltr'>μή,</span> <span class='ocrx_word' id='word_1_144' title='bbox 1329 1491 1409 1529; x_wconf 80' lang='grc' dir='ltr'>τῶν</span> <span class='ocrx_word' id='word_1_145' title='bbox 1435 1504 1477 1540; x_wconf 80' lang='grc' dir='ltr'>γε</span> 
     </span>
     <span class='ocr_line' id='line_1_20' title="bbox 236 1552 1476 1612; baseline 0 -15"><span class='ocrx_word' id='word_1_146' title='bbox 236 1556 441 1603; x_wconf 83' lang='grc' dir='ltr'><em>πλείστων,</em></span> <span class='ocrx_word' id='word_1_147' title='bbox 469 1553 533 1597; x_wconf 85' lang='grc' dir='ltr'>ὅτι</span> <span class='ocrx_word' id='word_1_148' title='bbox 558 1559 628 1608; x_wconf 81' lang='grc' dir='ltr'>τῆς</span> <span class='ocrx_word' id='word_1_149' title='bbox 654 1553 1118 1612; x_wconf 70' lang='grc' dir='ltr'><strong><em>ἀληθείας-πλείστην</em></strong></span> <span class='ocrx_word' id='word_1_150' title='bbox 1140 1554 1355 1610; x_wconf 76' lang='grc' dir='ltr'><strong><em>ἐποιήσατο</em></strong></span> <span class='ocrx_word' id='word_1_151' title='bbox 1380 1552 1476 1610; x_wconf 82' lang='grc' dir='ltr'><strong><em>πρό-</em></strong></span> 
     </span>
     <span class='ocr_line' id='line_1_21' title="bbox 235 1621 1474 1677; baseline 0.002 -15"><span class='ocrx_word' id='word_1_152' title='bbox 235 1638 364 1670; x_wconf 82' lang='grc' dir='ltr'><strong><em>νοιαν,</em></strong></span> <span class='ocrx_word' id='word_1_153' title='bbox 405 1621 496 1663; x_wconf 75' lang='grc' dir='ltr'><em>οὔτε</em></span> <span class='ocrx_word' id='word_1_154' title='bbox 532 1626 764 1677; x_wconf 73' lang='grc' dir='ltr'><strong><em>προςτιθεὶς</em></strong></span> <span class='ocrx_word' id='word_1_155' title='bbox 801 1630 886 1668; x_wconf 81' lang='grc' dir='ltr'><strong><em>τοῖς</em></strong></span> <span class='ocrx_word' id='word_1_156' title='bbox 920 1623 1149 1677; x_wconf 79' lang='grc' dir='ltr'><strong><em>πράγμασιν</em></strong></span> <span class='ocrx_word' id='word_1_157' title='bbox 1187 1622 1321 1671; x_wconf 71' lang='grc' dir='ltr'>οὐδέν,</span> <span class='ocrx_word' id='word_1_158' title='bbox 1364 1621 1387 1663; x_wconf 77' lang='grc' dir='ltr'>ὃ</span> <span class='ocrx_word' id='word_1_159' title='bbox 1423 1624 1474 1674; x_wconf 77' lang='grc' dir='ltr'>μὴ</span> 
     </span>
     <span class='ocr_line' id='line_1_22' title="bbox 236 1688 1392 1746; baseline -0.001 -16"><span class='ocrx_word' id='word_1_160' title='bbox 236 1689 390 1731; x_wconf 83' lang='grc' dir='ltr'><strong><em>δίκαιον</em></strong></span> <span class='ocrx_word' id='word_1_161' title='bbox 413 1688 504 1731; x_wconf 79' lang='grc' dir='ltr'><strong><em>οὕτε</em></strong></span> <span class='ocrx_word' id='word_1_162' title='bbox 531 1689 715 1745; x_wconf 78' lang='grc' dir='ltr'><em>ἀφαιρῶν</em></span> <span class='ocrx_word' id='word_1_163' title='bbox 743 1688 838 1733; x_wconf 75' lang='grc' dir='ltr'><em>οὐδὲ</em></span> <span class='ocrx_word' id='word_1_164' title='bbox 865 1688 1149 1742; x_wconf 77' lang='grc' dir='ltr'>ἐνεξουσιάζων</span> <span class='ocrx_word' id='word_1_165' title='bbox 1175 1694 1223 1746; x_wconf 82' lang='grc' dir='ltr'>τῇ</span> <span class='ocrx_word' id='word_1_166' title='bbox 1248 1692 1392 1746; x_wconf 76' lang='grc' dir='ltr'><strong><em>γραφῇ.</em></strong></span> 
     </span>
     <span class='ocr_line' id='line_1_23' title="bbox 337 1758 1475 1809; baseline 0.002 -13"><span class='ocrx_word' id='word_1_167' title='bbox 337 1758 473 1809; x_wconf 88' lang='lat' dir='ltr'>Neque</span> <span class='ocrx_word' id='word_1_168' title='bbox 500 1759 609 1796; x_wconf 88' lang='lat' dir='ltr'>aliter</span> <span class='ocrx_word' id='word_1_169' title='bbox 635 1759 683 1797; x_wconf 88' lang='lat' dir='ltr'>de</span> <span class='ocrx_word' id='word_1_170' title='bbox 704 1759 839 1797; x_wconf 87' lang='lat' dir='ltr'>Tacito</span> <span class='ocrx_word' id='word_1_171' title='bbox 858 1760 1105 1798; x_wconf 89' lang='lat' dir='ltr'>iudicandum</span> <span class='ocrx_word' id='word_1_172' title='bbox 1133 1761 1215 1808; x_wconf 88' lang='lat' dir='ltr'>erit,</span> <span class='ocrx_word' id='word_1_173' title='bbox 1244 1760 1353 1798; x_wconf 86' lang='lat' dir='ltr'>cuius</span> <span class='ocrx_word' id='word_1_174' title='bbox 1380 1759 1475 1798; x_wconf 87' lang='lat' dir='ltr'>fides</span> 
     </span>
     <span class='ocr_line' id='line_1_24' title="bbox 235 1824 1474 1878; baseline 0.002 -15"><span class='ocrx_word' id='word_1_175' title='bbox 235 1838 354 1875; x_wconf 91' lang='lat' dir='ltr'>quum</span> <span class='ocrx_word' id='word_1_176' title='bbox 380 1826 461 1877; x_wconf 85' lang='lat' dir='ltr'>ipse</span> <span class='ocrx_word' id='word_1_177' title='bbox 485 1838 560 1864; x_wconf 91' lang='lat' dir='ltr'>non</span> <span class='ocrx_word' id='word_1_178' title='bbox 581 1824 701 1877; x_wconf 85' lang='lat' dir='ltr'>aeque</span> <span class='ocrx_word' id='word_1_179' title='bbox 729 1840 773 1865; x_wconf 91' lang='lat' dir='ltr'>ac</span> <span class='ocrx_word' id='word_1_180' title='bbox 794 1826 1039 1878; x_wconf 86' lang='lat' dir='ltr'>Thucydides</span> <span class='ocrx_word' id='word_1_181' title='bbox 1066 1840 1125 1875; x_wconf 88' lang='lat' dir='ltr'>ea,</span> <span class='ocrx_word' id='word_1_182' title='bbox 1153 1840 1251 1878; x_wconf 89' lang='lat' dir='ltr'>quae</span> <span class='ocrx_word' id='word_1_183' title='bbox 1270 1827 1474 1865; x_wconf 87' lang='lat' dir='ltr'>memoriae</span> 
     </span>
     <span class='ocr_line' id='line_1_25' title="bbox 234 1892 1474 1944; baseline 0.002 -15"><span class='ocrx_word' id='word_1_184' title='bbox 234 1892 411 1942; x_wconf 89' lang='lat' dir='ltr'>prodidit,</span> <span class='ocrx_word' id='word_1_185' title='bbox 439 1906 579 1944; x_wconf 87' lang='lat' dir='ltr'>magna</span> <span class='ocrx_word' id='word_1_186' title='bbox 606 1906 655 1931; x_wconf 84' lang='lat' dir='ltr'>ex</span> <span class='ocrx_word' id='word_1_187' title='bbox 673 1898 782 1944; x_wconf 88' lang='lat' dir='ltr'>parte</span> <span class='ocrx_word' id='word_1_188' title='bbox 802 1894 950 1942; x_wconf 87' lang='lat' dir='ltr'>viderit,</span> <span class='ocrx_word' id='word_1_189' title='bbox 979 1895 1018 1931; x_wconf 95' lang='lat' dir='ltr'>in</span> <span class='ocrx_word' id='word_1_190' title='bbox 1036 1894 1289 1932; x_wconf 89' lang='lat' dir='ltr'>diiudicandis</span> <span class='ocrx_word' id='word_1_191' title='bbox 1307 1895 1474 1932; x_wconf 86' lang='lat' dir='ltr'>fontibus</span> 
     </span>
     <span class='ocr_line' id='line_1_26' title="bbox 234 1959 1474 2011; baseline 0.002 -15"><span class='ocrx_word' id='word_1_192' title='bbox 234 1959 358 2010; x_wconf 86' lang='lat' dir='ltr'>posita</span> <span class='ocrx_word' id='word_1_193' title='bbox 386 1964 464 2008; x_wconf 85' lang='lat' dir='ltr'>est,</span> <span class='ocrx_word' id='word_1_194' title='bbox 501 1960 638 2010; x_wconf 85' lang='lat' dir='ltr'>quibus</span> <span class='ocrx_word' id='word_1_195' title='bbox 665 1961 720 1999; x_wconf 89' lang='lat' dir='ltr'>ita</span> <span class='ocrx_word' id='word_1_196' title='bbox 747 1974 839 1998; x_wconf 87' lang='lat' dir='ltr'>usus</span> <span class='ocrx_word' id='word_1_197' title='bbox 867 1965 936 2010; x_wconf 87' lang='lat' dir='ltr'>est,</span> <span class='ocrx_word' id='word_1_198' title='bbox 965 1966 1019 2009; x_wconf 92' lang='lat' dir='ltr'>ut,</span> <span class='ocrx_word' id='word_1_199' title='bbox 1049 1962 1079 1999; x_wconf 87' lang='lat' dir='ltr'>si</span> <span class='ocrx_word' id='word_1_200' title='bbox 1106 1961 1198 2011; x_wconf 90' lang='lat' dir='ltr'>quid</span> <span class='ocrx_word' id='word_1_201' title='bbox 1225 1961 1259 2000; x_wconf 92' lang='lat' dir='ltr'>ei</span> <span class='ocrx_word' id='word_1_202' title='bbox 1287 1961 1474 2000; x_wconf 87' lang='lat' dir='ltr'>incertum</span> 
     </span>
     <span class='ocr_line' id='line_1_27' title="bbox 235 2027 1473 2078; baseline 0.002 -15"><span class='ocrx_word' id='word_1_203' title='bbox 235 2029 349 2076; x_wconf 83' lang='lat' dir='ltr'>atque</span> <span class='ocrx_word' id='word_1_204' title='bbox 376 2027 599 2077; x_wconf 87' lang='lat' dir='ltr'>ambiguum</span> <span class='ocrx_word' id='word_1_205' title='bbox 626 2027 795 2075; x_wconf 90' lang='lat' dir='ltr'>videtur,</span> <span class='ocrx_word' id='word_1_206' title='bbox 829 2027 989 2065; x_wconf 88' lang='lat' dir='ltr'>candide</span> <span class='ocrx_word' id='word_1_207' title='bbox 1015 2028 1055 2064; x_wconf 88' lang='lat' dir='ltr'>id</span> <span class='ocrx_word' id='word_1_208' title='bbox 1082 2027 1250 2078; x_wconf 89' lang='lat' dir='ltr'>profiteri</span> <span class='ocrx_word' id='word_1_209' title='bbox 1277 2041 1473 2078; x_wconf 87' lang='lat' dir='ltr'>nunquam</span> 
     </span>
     <span class='ocr_line' id='line_1_28' title="bbox 234 2092 1472 2144; baseline 0 -13"><span class='ocrx_word' id='word_1_210' title='bbox 234 2092 384 2132; x_wconf 84' lang='lat' dir='ltr'>omittat</span> <span class='ocrx_word' id='word_1_211' title='bbox 411 2093 494 2144; x_wconf 87' lang='lat' dir='ltr'>(cfr.</span> <span class='ocrx_word' id='word_1_212' title='bbox 524 2092 652 2131; x_wconf 78' lang='lat' dir='ltr'>Germ.</span> <span class='ocrx_word' id='word_1_213' title='bbox 681 2094 749 2142; x_wconf 82' lang='lat' dir='ltr'>IL,</span> <span class='ocrx_word' id='word_1_214' title='bbox 787 2096 834 2143; x_wconf 88' lang='lat'>3,</span> <span class='ocrx_word' id='word_1_215' title='bbox 872 2095 961 2143; x_wconf 85' lang='lat'>33),</span> <span class='ocrx_word' id='word_1_216' title='bbox 999 2095 1030 2133; x_wconf 87' lang='lat' dir='ltr'>si</span> <span class='ocrx_word' id='word_1_217' title='bbox 1057 2107 1080 2132; x_wconf 95' lang='lat' dir='ltr'>a</span> <span class='ocrx_word' id='word_1_218' title='bbox 1105 2095 1270 2133; x_wconf 86' lang='lat' dir='ltr'>fontibus</span> <span class='ocrx_word' id='word_1_219' title='bbox 1298 2094 1472 2143; x_wconf 84' lang='lat' dir='ltr'>discedit,</span> 
     </span>
     <span class='ocr_line' id='line_1_29' title="bbox 234 2161 1469 2212; baseline 0.002 -14"><span class='ocrx_word' id='word_1_220' title='bbox 234 2174 298 2199; x_wconf 86' lang='lat' dir='ltr'>eos</span> <span class='ocrx_word' id='word_1_221' title='bbox 335 2164 463 2199; x_wconf 83' lang='lat' dir='ltr'>tamen</span> <span class='ocrx_word' id='word_1_222' title='bbox 490 2161 664 2212; x_wconf 84' lang='lat' dir='ltr'>religiose</span> <span class='ocrx_word' id='word_1_223' title='bbox 697 2161 865 2200; x_wconf 88' lang='lat' dir='ltr'>inducat.</span> <span class='ocrx_word' id='word_1_224' title='bbox 919 2161 1019 2200; x_wconf 86' lang='lat' dir='ltr'>Ann.</span> <span class='ocrx_word' id='word_1_225' title='bbox 1048 2161 1141 2210; x_wconf 85' lang='lat' dir='ltr'>1V.,</span> <span class='ocrx_word' id='word_1_226' title='bbox 1179 2163 1241 2201; x_wconf 81' lang='lat'>57.</span> <span class='ocrx_word' id='word_1_227' title='bbox 1295 2163 1343 2200; x_wconf 89' lang='lat' dir='ltr'>In</span> <span class='ocrx_word' id='word_1_228' title='bbox 1368 2162 1469 2201; x_wconf 86' lang='lat' dir='ltr'>Ann.</span> 
     </span>
     <span class='ocr_line' id='line_1_30' title="bbox 232 2228 1472 2280; baseline 0.002 -13"><span class='ocrx_word' id='word_1_229' title='bbox 232 2228 319 2276; x_wconf 85' lang='lat' dir='ltr'>XL,</span> <span class='ocrx_word' id='word_1_230' title='bbox 348 2229 395 2266; x_wconf 84' lang='lat'>27</span> <span class='ocrx_word' id='word_1_231' title='bbox 425 2232 629 2277; x_wconf 85' lang='lat' dir='ltr'>asseverat,</span> <span class='ocrx_word' id='word_1_232' title='bbox 656 2229 748 2266; x_wconf 90' lang='lat' dir='ltr'>nihil</span> <span class='ocrx_word' id='word_1_233' title='bbox 776 2230 1028 2280; x_wconf 83' lang='lat' dir='ltr'>compositum</span> <span class='ocrx_word' id='word_1_234' title='bbox 1054 2230 1226 2268; x_wconf 88' lang='lat' dir='ltr'>miraculi</span> <span class='ocrx_word' id='word_1_235' title='bbox 1253 2243 1381 2280; x_wconf 83' lang='lat' dir='ltr'>causa,</span> <span class='ocrx_word' id='word_1_236' title='bbox 1409 2245 1472 2270; x_wconf 85' lang='lat' dir='ltr'>ve-</span> 
     </span>
     <span class='ocr_line' id='line_1_31' title="bbox 233 2295 1473 2349; baseline 0.004 -15"><span class='ocrx_word' id='word_1_237' title='bbox 233 2308 318 2334; x_wconf 89' lang='lat' dir='ltr'>rum</span> <span class='ocrx_word' id='word_1_238' title='bbox 347 2295 479 2334; x_wconf 85' lang='lat' dir='ltr'>audita</span> <span class='ocrx_word' id='word_1_239' title='bbox 506 2295 720 2347; x_wconf 84' lang='lat' dir='ltr'>scriptaque</span> <span class='ocrx_word' id='word_1_240' title='bbox 748 2296 957 2336; x_wconf 83' lang='lat' dir='ltr'>senioribus</span> <span class='ocrx_word' id='word_1_241' title='bbox 985 2310 1025 2337; x_wconf 84' lang='lat' dir='ltr'>se</span> <span class='ocrx_word' id='word_1_242' title='bbox 1053 2297 1283 2337; x_wconf 91' lang='lat' dir='ltr'>traditurum</span> <span class='ocrx_word' id='word_1_243' title='bbox 1311 2312 1406 2349; x_wconf 84' lang='grc'>8888,</span> <span class='ocrx_word' id='word_1_244' title='bbox 1434 2304 1473 2339; x_wconf 87' lang='lat' dir='ltr'>et</span> 
     </span>
     <span class='ocr_line' id='line_1_32' title="bbox 232 2363 1472 2416; baseline 0.006 -17"><span class='ocrx_word' id='word_1_245' title='bbox 232 2363 334 2400; x_wconf 86' lang='lat' dir='ltr'>Hist.</span> <span class='ocrx_word' id='word_1_246' title='bbox 362 2363 394 2400; x_wconf 92' lang='lat' dir='ltr'>I.</span> <span class='ocrx_word' id='word_1_247' title='bbox 408 2392 417 2410; x_wconf 94' lang='lat'>,</span> <span class='ocrx_word' id='word_1_248' title='bbox 457 2364 501 2411; x_wconf 90' lang='lat'>3,</span> <span class='ocrx_word' id='word_1_249' title='bbox 538 2363 795 2415; x_wconf 86' lang='lat' dir='ltr'>incorruptam</span> <span class='ocrx_word' id='word_1_250' title='bbox 828 2364 943 2403; x_wconf 91' lang='lat' dir='ltr'>fidem</span> <span class='ocrx_word' id='word_1_251' title='bbox 969 2366 1148 2416; x_wconf 83' lang='lat' dir='ltr'>professis</span> <span class='ocrx_word' id='word_1_252' title='bbox 1184 2378 1308 2416; x_wconf 90' lang='lat' dir='ltr'>neque</span> <span class='ocrx_word' id='word_1_253' title='bbox 1344 2379 1472 2406; x_wconf 85' lang='lat' dir='ltr'>amore</span> 
     </span>
     <span class='ocr_line' id='line_1_33' title="bbox 233 2425 1472 2484; baseline 0.005 -16"><span class='ocrx_word' id='word_1_254' title='bbox 233 2442 463 2483; x_wconf 88' lang='lat' dir='ltr'>quemquam</span> <span class='ocrx_word' id='word_1_255' title='bbox 490 2434 529 2469; x_wconf 90' lang='lat' dir='ltr'>et</span> <span class='ocrx_word' id='word_1_256' title='bbox 556 2425 635 2469; x_wconf 84' lang='lat' dir='ltr'>sine</span> <span class='ocrx_word' id='word_1_257' title='bbox 663 2430 750 2470; x_wconf 92' lang='lat' dir='ltr'>odio</span> <span class='ocrx_word' id='word_1_258' title='bbox 778 2431 982 2472; x_wconf 89' lang='lat' dir='ltr'>dicendum</span> <span class='ocrx_word' id='word_1_259' title='bbox 1009 2446 1110 2482; x_wconf 84' lang='lat' dir='ltr'>esse,</span> <span class='ocrx_word' id='word_1_260' title='bbox 1146 2438 1185 2472; x_wconf 91' lang='lat' dir='ltr'>et</span> <span class='ocrx_word' id='word_1_261' title='bbox 1211 2433 1313 2473; x_wconf 88' lang='lat' dir='ltr'>Ann.</span> <span class='ocrx_word' id='word_1_262' title='bbox 1341 2434 1394 2484; x_wconf 93' lang='grc' dir='ltr'>Ι.,</span> <span class='ocrx_word' id='word_1_263' title='bbox 1432 2449 1472 2474; x_wconf 85' lang='grc'>88</span> 
     </span>
    </p>
   </div>
  </div>
 </body>
</html>
