1685 2878
1112 165 1189 229 Q

1181 280 1197 359 ,s

714 714 876 786 caput
916 715 960 772 ΙΙ.

321 850 455 901 Neque
481 850 605 888 minus
632 848 845 888 laudandus
872 852 929 887 est
955 847 1113 887 mirifica
1140 848 1203 887 illa
1217 847 1456 899 compositio-

218 918 276 955 nis
305 922 397 965 arte,
425 930 500 968 qua
518 921 668 967 praeter
687 916 889 954 Caesarem
909 928 1051 963 omnes,
1079 916 1142 966 qui
1168 915 1455 958 antecedebant,

219 996 345 1022 rerum
380 988 554 1022 auctores
589 983 792 1035 praecellit.
854 983 957 1022 Ante
991 984 1061 1021 hos
1095 983 1216 1031 viros,
1253 981 1456 1020 Caesarem

220 1051 520 1101 Sullustiumque
547 1051 643 1098 dico,
671 1050 748 1087 duo
767 1063 908 1100 genera
925 1050 1189 1088 historicorum
1208 1049 1457 1087 discernenda

219 1122 317 1155 sunt.
365 1117 411 1154 In
438 1117 559 1167 primo
588 1129 727 1167 genere
754 1116 921 1153 invenies
947 1128 1068 1163 veros,
1096 1128 1191 1166 quos
1218 1115 1363 1164 dicunt,
1392 1129 1456 1154 an-

219 1184 363 1223 nalium
389 1184 601 1235 scriptores,
630 1184 707 1234 qui,
736 1183 839 1221 nulla
866 1187 947 1221 arte
975 1183 1165 1232 adhibita,
1193 1194 1252 1220 res
1280 1183 1388 1221 solas
1408 1196 1457 1221 ex

219 1251 398 1302 temporis
425 1251 555 1289 ordine
582 1251 806 1288 scribebant.
857 1250 999 1288 Fontes
1027 1254 1134 1288 erant
1161 1250 1315 1288 alterius
1343 1263 1457 1301 gene-

217 1319 269 1357 ris
296 1317 550 1370 scriptoribus,
578 1317 642 1369 qui
661 1317 926 1369 coniungenda
953 1321 991 1355 et
1010 1316 1279 1356 conformanda
1297 1318 1455 1356 materia

217 1386 360 1437 aliquid
387 1385 512 1436 digni,
548 1385 651 1435 quod
684 1386 875 1435 legeretur
907 1385 1165 1430 instituebant.
1223 1386 1352 1429 Quum
1379 1385 1457 1422 Ro-

217 1452 319 1491 mani
346 1465 434 1491 cum
461 1451 616 1489 Graecis
650 1451 861 1503 congressi,
877 1455 1022 1500 essent,
1059 1451 1173 1489 animi
1202 1452 1320 1500 vires,
1357 1464 1456 1502 quac

218 1519 344 1558 adhuc
371 1519 479 1570 quasi
506 1519 772 1567 dormiverant,
800 1514 1150 1566 exsuscitabantur,
1179 1519 1216 1556 id
1245 1519 1347 1570 quod
1375 1519 1456 1557 Ho-

217 1587 335 1626 ratius
362 1585 518 1637 pulchre
545 1577 733 1637 sig‘nificat
759 1598 890 1624 versu:

342 1653 504 1691 Graecia
531 1657 642 1704 capta
669 1653 791 1690 ferum
818 1653 997 1691 victorem
1024 1653 1123 1704 cepit
1151 1657 1189 1691 et
1215 1657 1315 1691 artos

343 1720 479 1758 Intulit
506 1719 647 1770 agresti
672 1719 799 1757 Latio.
1001 1719 1123 1770 Epist.
1151 1720 1220 1767 IL,
1251 1721 1286 1768 1,
1317 1721 1402 1758 156.

320 1786 397 1825 Sed
424 1786 531 1823 initio
558 1786 726 1823 nonnulli
761 1790 910 1824 tantum
946 1786 1089 1824 nobiles
1116 1786 1280 1824 Romani
1308 1786 1454 1825 Graeca

217 1856 349 1908 lingua
375 1853 526 1892 formati
553 1853 747 1891 historiam
773 1854 987 1892 tractabant
1014 1858 1053 1891 ct
1079 1867 1194 1905 quam
1220 1867 1377 1906 parvam
1403 1855 1454 1892 le-

215 1922 386 1974 gentium
421 1920 703 1958 multitudinem
741 1920 1063 1972 exspectaverint,
1114 1933 1164 1958 ex
1201 1934 1244 1959 eo
1282 1922 1454 1959 concludi

216 1994 353 2042 potest,
392 1986 493 2039 quod
530 1987 761 2037 complures,
798 1991 842 2025 ut
877 1986 923 2031 Q.
952 1986 1094 2025 Fabius
1121 1987 1271 2036 Pictor,
1308 1988 1455 2027 Graece

218 2052 442 2090 scribebant.
496 2053 550 2091 M.
579 2053 735 2092 Poctius
771 2053 866 2092 Cato
902 2067 1021 2104 quum
1056 2054 1262 2103 iudicaret,
1299 2056 1377 2093 fore
1413 2061 1457 2093 ut

220 2118 370 2158 Graeca
397 2120 606 2159 eruditione
634 2133 787 2159 suorum
816 2121 954 2159 civium
980 2121 1095 2159 robur
1121 2126 1383 2170 evanesceret,
1411 2123 1455 2159 iis

213 2186 362 2225 *obstitit
388 2191 426 2225 et
453 2200 530 2225 una
558 2200 644 2225 cum
662 2187 844 2225 Romanis
863 2187 1066 2226 virtutibus
1083 2187 1282 2226 Romanae
1300 2189 1455 2240 linguae

217 2254 382 2306 speciem
409 2255 590 2306 praebere
618 2254 821 2293 contendit.-
876 2254 975 2303 Sed,
1002 2255 1067 2306 qui
1095 2259 1175 2293 erat
1203 2256 1283 2294 eius
1309 2257 1456 2307 priscus

217 2326 254 2359 et
278 2321 452 2359 horridus
480 2322 630 2360 dicendi
657 2321 805 2370 modus,
832 2322 871 2360 in
897 2323 1116 2361 universum
1142 2323 1324 2363 minorem
1353 2325 1454 2375 apud

214 2390 398 2441 populum
417 2389 681 2428 auctoritatem
700 2393 925 2428 consecutus
953 2394 1022 2439 est,
1051 2403 1164 2441 quam
1194 2391 1295 2441 apud
1319 2390 1454 2429 doetis-

1628 2384 1685 2475 ff
