1685 2878
746 247 948 290 —18—

223 383 299 411 non
316 376 454 424 potest,
475 377 520 412 ut
537 373 651 424 plana
668 376 782 424 atque
797 371 965 411 dilucida
984 384 1111 411 rerum
1125 375 1321 423 gestarum
1340 367 1468 423 knago

225 440 431 478 lectoribus
458 440 693 478 exhibeatur.

327 507 495 546 Necesse
520 506 694 555 videtur,
730 507 801 545 hoc
827 507 910 546 loco
937 506 986 544 de
1014 506 1311 558 digressionibus
1338 506 1468 557 loqua-

223 587 320 622 mur,
347 587 445 625 quae
466 574 645 612 Sallustio
675 575 915 612 obiiciuntur.
961 574 1134 612 Primum
1162 574 1315 624 quidem
1345 573 1469 611 brevis

224 639 425 680 Romanae
463 641 642 680 historiae
687 640 924 679 adumbratio
961 640 1064 692 (Cat.
1098 639 1354 689 VL-XIV.)
1400 639 1468 678 im-

224 713 433 758 pugnatur,
461 713 505 746 ut
531 709 653 746 alieno
681 710 761 746 loco
781 709 1015 758 interposita.
1049 707 1126 746 Sed
1153 708 1185 745 si
1204 711 1365 758 spectas,
1392 720 1468 758 quo

228 775 385 813 consilio
413 775 550 814 ductus
580 779 712 814 auctor
742 779 870 813 noster
896 774 945 812 ad
973 773 1214 812 scribendum
1240 778 1468 822 moveretur,

229 841 372 879 scilieet
407 847 451 879 ut
478 842 773 889 demonstraret,
810 842 1000 892 quomodo
1028 841 1159 879 civitas
1198 853 1271 888 „ex
1296 841 1468 891 pulcher-

223 919 333 946 ruma
361 921 540 960 pessuma
567 921 611 947 ac
638 909 970 960 flagitiosissuma“
1001 907 1102 946 facta
1126 912 1237 956 esset,
1265 907 1391 946 nescio
1419 920 1468 945 an

223 975 288 1013 illa
316 977 482 1014 narratio
510 976 578 1015 tibi
604 977 786 1027 probetur
813 980 927 1027 atque
954 975 1166 1015 necessaria
1191 974 1379 1014 videatur.

328 1042 457 1080 Aliam
484 1043 758 1094 digressionem
792 1044 983 1094 vituperat
1010 1042 1235 1081 Gerlachius
1262 1043 1466 1093 expositio-

222 1121 312 1146 nem
357 1109 405 1147 de
441 1109 598 1148 Africae
634 1110 709 1148 situ
754 1115 792 1149 et
827 1111 978 1162 populis
1015 1109 1119 1161 (Iug.
1158 1108 1464 1158 XVII.—XX.).

223 1174 522 1226 Digressionem,
551 1177 582 1214 si
608 1177 677 1225 vis,
705 1177 896 1225 nomines,
932 1177 999 1216 sed
1028 1177 1145 1224 scias,
1174 1189 1259 1214 eam
1287 1189 1369 1215 esse
1396 1189 1466 1215 suo

222 1242 305 1280 loco
325 1243 571 1294 aptissimam,
599 1256 695 1282 neve
719 1244 758 1281 in
776 1244 847 1283 hac
868 1257 908 1282 re
926 1245 1064 1295 longus
1083 1243 1166 1292 sim,
1194 1242 1466 1294 digressionem

222 1309 305 1345 eius
332 1310 436 1346 modi
454 1310 596 1360 ubique
622 1311 754 1348 evitari
781 1323 856 1348 non
875 1315 1045 1361 possunt,
1074 1311 1131 1348 sin
1150 1311 1260 1348 aliter
1277 1323 1466 1360 nusquam

222 1376 398 1415 lacunam
431 1377 554 1416 inesse
581 1377 671 1416 velit
697 1381 849 1426 auctor,
878 1391 965 1429 qua,
992 1377 1195 1429 quominus
1220 1377 1380 1416 lectores
1406 1389 1466 1415 res

220 1442 393 1492 undique
422 1444 754 1494 comprehendant,
782 1445 1051 1494 impediantur.
1103 1444 1224 1482 Recte
1250 1443 1465 1482 Kritschius

221 1521 371 1547 mecum
398 1509 544 1549 iudicat
571 1510 609 1548 in
634 1510 903 1550 commentario
932 1511 981 1549 ad
1008 1510 1109 1549 Hist.
1138 1509 1213 1547 III.
1242 1510 1313 1547 43:
1357 1509 1464 1558 „Sal-

221 1577 362 1614 lustius
400 1582 669 1628 argumentum
705 1578 759 1616 ita
786 1579 982 1626 tractavit,
1020 1582 1064 1616 ut
1098 1578 1136 1615 in
1173 1590 1217 1616 eo
1254 1577 1463 1615 ordinando

224 1643 438 1682 naturalem
472 1655 599 1683 rerum
626 1644 797 1683 ordinem
824 1648 1046 1696 sequeretur
1072 1656 1237 1695 eumque
1264 1643 1463 1695 digressio-

218 1711 341 1760 nibus,
371 1712 510 1762 quibus
529 1713 689 1752 libenter
707 1717 746 1751 et
765 1726 946 1764 perquam
964 1713 1084 1764 perite
1102 1700 1240 1761 utitur,
1253 1718 1332 1750 “non
1350 1712 1462 1751 inter-

217 1782 431 1829 rumperet,
467 1780 560 1827 nisi,
595 1780 659 1816 ubi
693 1792 752 1817 res
779 1781 859 1831 ipsa
897 1780 934 1817 id
962 1780 1021 1817 vel
1049 1780 1240 1830 flagitaret
1274 1780 1332 1817 vel
1361 1791 1461 1816 com—

216 1845 452 1883 mendaret.“
