1685 2878
716 236 764 241 ,-
799 208 845 253 1⁵7
874 236 920 241 --

200 340 341 387 quanta
368 350 455 374 cum
483 340 563 374 arte
589 337 784 387 ingenium
813 341 851 375 et
876 349 999 375 mores
1028 335 1212 373 Catilinae
1240 335 1438 386 expressit,

200 416 231 441 c.
259 403 371 453 XX.,
400 403 507 442 cuius
535 407 573 442 et
598 403 826 453 versutiam,
853 417 929 456 qua
957 403 1172 443 coniuratos
1199 402 1249 441 ad
1278 415 1438 452 „maxu-

198 484 305 509 mum
333 475 448 521 atque
474 472 781 522 pulcherrumum
807 472 953 510 facinus
975 471 1255 522 incipiendum“
1285 483 1438 508 movere

201 538 352 587 studet,
389 542 427 576 et
464 538 644 577 furiosam
679 539 932 578 temeritatem
960 538 1069 577 facile
1106 550 1156 576 ex
1190 537 1281 589 ipsis
1315 538 1438 576 verbis

201 606 428 657 cognoscas!
475 606 604 650 Quare
632 606 854 650 Quintiliani
880 606 1089 645 rationibus
1116 606 1256 657 optime
1282 618 1437 656 respon·

199 672 276 721 dit,
313 673 378 723 qui
413 673 451 709 in
477 673 572 710 Inst.
601 678 696 711 orat.
725 674 822 722 HL,
851 675 895 722 8,
924 674 1070 711 scribit:
1128 672 1198 720 „Si
1223 674 1306 724 quis
1332 672 1436 710 iubo-

199 748 303 778 uesta
324 740 502 786 suadebit,
526 741 742 785 meminerit,
765 754 841 778 uon
857 740 1015 778 suadere
1033 748 1213 792 tanquam
1230 739 1436 783 inhonesta,

199 808 265 845 sed
290 807 439 846 dandus
472 815 522 845 est
548 807 627 845 illis
653 806 880 857 deformibus
915 808 1016 846 color
1050 807 1160 859 idque
1196 808 1308 844 etiam
1334 806 1441 859 apud

199 875 329 914 malos.
384 874 471 912 siff
500 874 625 925 pergit
659 873 852 920 „Catilina
879 874 986 924 apud
1011 873 1237 912 Sallustium
1263 873 1437 924 loquitur,

199 950 240 980 ut
265 957 344 981 rem
369 941 692 980 sceleratissimam
717 955 793 979 uon
818 942 968 979 malitia
1003 941 1069 979 sed
1098 941 1359 992 iudiquatione
1385 942 1438 978 vi-
1476 976 1478 978 .

199 1010 334 1048 deatum
360 1009 531 1047 audere.“
575 1008 711 1058 Neque
737 1008 863 1046 minus
889 1009 929 1045 in
954 1009 1078 1046 verbis
1106 1008 1281 1046 Caesaris
1309 1021 1340 1045 c.
1369 1007 1437 1046 LI.

204 1077 487 1115 fraudulentam
515 1075 868 1123 mansuetudinem,
904 1076 942 1113 in
969 1076 1138 1113 oratione
1165 1075 1322 1113 Catonis
1348 1074 1438 1113 LII.

200 1143 427 1194 gravitatem
455 1146 570 1192 atque
598 1141 849 1180 constantiam
866 1142 1048 1180 invenias.
1075 1141 1188 1179 Marii
1208 1145 1337 1180 autem
1358 1154 1441 1180 ora-

196 1210 252 1248 tio
279 1209 368 1260 Iug.
389 1208 604 1257 LXXXV„
632 1213 676 1246 ut
701 1208 824 1246 verbis
842 1212 880 1247 et
898 1208 1092 1247 sententiis
1119 1221 1142 1246 a
1169 1208 1303 1247 ceteris
1325 1222 1440 1260 quam

200 1277 367 1314 maxime
395 1275 535 1323 differt,
563 1275 617 1313 ita
642 1275 983 1313 luculentissimum
1010 1279 1068 1313 est
1086 1275 1357 1313 documentum
1383 1290 1441 1315 ra·

190 1342 315 1381 'bidae
342 1343 443 1380 illius
470 1346 508 1381 et
526 1343 717 1394 iurgiosae
736 1341 948 1390 facundiae,
975 1354 1073 1393 quae
1092 1342 1235 1393 asperis
1254 1342 1336 1380 eius
1362 1355 1441 1381 mo-

203 1411 308 1450 ribus
337 1410 600 1462 atrocitatique
628 1410 709 1449 eius
737 1414 794 1448 est
821 1410 1034 1461 aptissima,
1061 1410 1115 1448 ita
1140 1414 1185 1448 ut
1210 1414 1334 1449 totum
1361 1410 1442 1449 eius

201 1477 414 1528 ingenium,
443 1477 474 1515 si
500 1490 579 1515 rem
607 1477 821 1516 accuratius
849 1476 1133 1525 examinaverit,
1165 1480 1204 1514 et
1228 1477 1268 1513 in
1294 1480 1443 1515 senten-

202 1545 340 1583 tiarum
367 1546 512 1584 ratione
549 1550 588 1584 et
619 1546 658 1583 in
684 1545 885 1584 verborum
919 1544 1070 1582 delectu
1097 1557 1320 1595 expressum
1347 1557 1442 1594 esse,

201 1612 463 1662 unusquisque
491 1612 599 1650 facile
628 1611 822 1650 concedat.

307 1678 406 1717 Sunt
441 1680 506 1730 qui
542 1692 630 1717 eum
656 1679 892 1729 vituperent,
928 1677 1030 1728 quod
1061 1678 1282 1716 memoriam
1317 1691 1443 1717 rerum

203 1746 437 1796 temporibus
473 1759 549 1783 non
576 1750 753 1783 accurate
780 1744 978 1783 definierit.
1032 1745 1078 1782 In
1104 1745 1323 1782 universum
1349 1750 1443 1784 tem-

201 1809 339 1864 p'orum
366 1813 462 1851 ratio
491 1812 582 1851 satis
608 1812 739 1850 habita
766 1815 835 1860 est,
864 1811 930 1849 sed
958 1811 1143 1849 factorum
1167 1811 1336 1863 singulos
1363 1812 1444 1851 dies

202 1883 334 1917 notare
348 1908 358 1927 ,
394 1879 433 1916 in
470 1892 546 1930 qua
578 1880 738 1917 obscura
774 1878 971 1928 diligentia
1005 1878 1114 1916 multi
1148 1878 1302 1916 laudem
1329 1892 1444 1929 quae-

205 1950 314 1995 runt,
363 1959 687 1998 supervacaneum
722 1958 803 1984 esse
839 1944 1036 1994 censebat3
1068 1945 1290 1996 praesertim
1326 1958 1443 1997 quum

205 2013 245 2050 id
274 2026 423 2065 semper
460 2017 610 2064 ageret,
646 2017 690 2051 ut
716 2013 1011 2061 demonstraret,
1049 2012 1238 2062 quomodo
1275 2013 1350 2052 alia
1384 2027 1444 2052 res

206 2093 256 2117 ex
286 2081 361 2118 alia
389 2085 574 2119 manaret.
629 2080 757 2124 Quare
791 2080 829 2117 in
856 2080 969 2117 rebus
995 2079 1213 2117 enarrandis
1241 2079 1446 2118 Sallustius

204 2160 288 2186 eam
309 2148 495 2186 rationem
514 2148 648 2196 tenuit,
671 2151 716 2185 ut
733 2147 850 2194 varia,
878 2146 926 2184 de
944 2146 1080 2197 quibus
1101 2147 1192 2197 egit,
1209 2146 1310 2185 bella
1330 2152 1445 2198 atque

204 2226 265 2251 res
292 2214 521 2252 domesticas
547 2226 643 2262 non,
679 2217 724 2251 ut
750 2226 833 2250 mos
860 2212 932 2250 fuit
966 2212 1006 2249 in
1031 2213 1251 2261 annalibus,
1288 2214 1446 2265 carptim

204 2293 273 2331 per
303 2281 472 2332 singulos
500 2294 617 2320 annos
645 2280 855 2331 digereret,
892 2280 960 2318 sed
993 2283 1036 2318 ut
1070 2292 1130 2317 res
1166 2283 1247 2318 arte
1273 2280 1372 2319 inter
1406 2294 1447 2320 se

208 2347 454 2386 cohaerentes
491 2349 668 2386 continua
705 2347 919 2385 narratione
954 2358 1077 2397 usque
1113 2346 1163 2384 ad
1197 2359 1286 2384 eum
1320 2348 1448 2386 locum

178 2430 181 2433 ·
211 2414 430 2465 deduceret,
457 2416 523 2454 ubi
545 2415 739 2454 commode
757 2418 885 2466 posset
902 2414 1069 2453 subsisti.
1112 2413 1201 2454 Alio
1228 2414 1341 2453 modo
1368 2415 1449 2454 fieri
