1685 2878
758 239 959 281 -25—

238 364 485 415 gravissimae
512 368 600 416 apte
626 369 858 416 premantur,
893 364 939 403 iis
967 364 1161 404 sententiis
1189 364 1348 414 omissis,
1376 377 1473 417 quas

238 432 348 471 facile
374 432 635 484 unusquisque
661 432 860 485 intelligat.

341 499 494 544 Quanta
531 505 612 538 arte
649 501 686 538 in
723 501 781 538 his
815 501 928 539 rebus
961 500 1166 539 Sallustius
1200 505 1374 539 versatus
1412 500 1473 549 sit,

236 566 275 603 in
319 566 496 605 adhibitis
541 566 674 618 figuris
719 571 919 619 zeugmate
974 571 1012 606 et
1056 567 1176 619 ellipsi
1221 568 1473 619 cognoscitur,

236 645 398 683 quarum
425 634 600 685 exempla
618 634 797 672 nonnulla
816 634 1039 673 adscribam.
1081 634 1255 686 Zeugma
1280 634 1469 674 invenitur

237 699 321 739 Cat..
349 699 503 751 XVII.,
541 702 576 739 2.
638 700 713 741 Ubi
736 703 828 740 satis
855 701 1052 754 eoeplorata
1078 710 1184 750 sunt,
1222 716 1318 755 quae
1343 701 1471 749 voluit,

235 769 277 805 in
302 782 419 806 unum
447 783 568 807 omnes
596 777 780 818 convocat,
816 770 948 821 quibus
975 785 1157 809 maaeuma
1183 769 1410 808 necessitudo
1439 777 1473 808 et

226 834 451 885 plurumum
477 835 662 874 audaciae
688 837 812 874 inerat
843 860 887 864 -
916 835 982 874 ubi
1007 835 1178 883 „ineraffl
1206 844 1284 870 non
1309 831 1359 870 ad
1389 845 1471 877 „ne—

235 902 436 941 cessitudo“
465 903 594 941 referri
628 907 774 954 potest,
811 902 879 941 sed
909 906 1035 950 „erat“
1074 901 1163 939 inde
1200 899 1472 939 assumendum

235 973 306 1007 est.
360 969 448 1021 Iug.
476 969 602 1018 XIV.‚
641 971 677 1008 4.
735 969 854 1021 Coqor
871 971 985 1020 prius
1013 970 1118 1007 oneri
1144 981 1258 1020 quam
1283 967 1370 1005 ioeui
1396 979 1472 1004 esse

233 1036 257 1073 i.
279 1049 311 1073 e.
332 1049 448 1087 cogor
462 1037 567 1087 prius
587 1037 691 1075 oneri
711 1049 793 1075 esse
811 1049 926 1087 quam
944 1036 1032 1074 usui
1050 1048 1132 1074 esse
1150 1032 1471 1086 possuijlsv„

234 1103 269 1140 9.
326 1102 525 1155 Semperne
560 1105 601 1141 in
636 1104 835 1155 sanquine,
862 1102 995 1154 ferro,
1023 1102 1129 1154 fuqa
1163 1101 1396 1140 versabimur
1427 1123 1470 1128 -

233 1170 257 1207 i.
286 1183 318 1208 e.
348 1170 445 1208 ferro
473 1171 609 1209 armati
635 1171 774 1209 erimus
800 1170 925 1219 XIV.‚
954 1171 1016 1208 23.
1063 1169 1152 1207 Non
1178 1170 1276 1207 enim
1303 1182 1470 1220 reqnu-m,

232 1236 298 1274 sed
311 1236 474 1288 fuyam,
513 1237 707 1283 emsilium,
742 1244 935 1288 eqestatem
962 1244 995 1274 et
1030 1237 1149 1274 omnis
1176 1236 1264 1281 lias,
1293 1249 1389 1288 quae
1415 1250 1473 1273 me

224 1312 414 1353 premunt,
434 1318 635 1342 aerumnas
654 1319 736 1342 cum
755 1305 886 1342 anima
903 1304 1017 1342 simul
1035 1304 1206 1343 amisisti.
1247 1297 1319 1341 Ad'
1340 1302 1470 1355 „fu9a,

236 1371 430 1418 eoesilium,
467 1379 606 1423 eyestas
645 1375 870 1409 aerumnae“
906 1371 1015 1410 facile
1042 1370 1192 1410 adicere
1218 1370 1361 1421 poteris
1388 1364 1471 1408 ver-

233 1439 324 1476 bum
354 1438 572 1487 „liberare“.

337 1505 463 1550 Quam
495 1506 571 1544 late
602 1505 802 1557 „ellipsis“‚
838 1518 936 1557 quae
964 1505 1012 1544 ad
1040 1505 1257 1556 augendam
1290 1505 1469 1543 orationis

232 1572 454 1611 brevitatem
480 1573 685 1623 plurimum
711 1574 823 1621 valet,
857 1572 959 1624 apud
988 1572 1211 1611 Sallustium
1237 1576 1381 1624 pateat,
1409 1572 1468 1610 his

233 1639 416 1690 exemplis
435 1639 722 1677 demonstrabo:
759 1638 882 1689 Saepe
908 1639 1007 1677 inter
1024 1639 1302 1677 enuntiationes
1321 1639 1467 1677 causali

232 1706 381 1744 vinculo
403 1706 646 1749 cohaerentes
665 1706 849 1757 particula
870 1706 1031 1745 causalis
1049 1706 1247 1756 omittitur,
1272 1706 1467 1745 sententiis

207 1759 285 1809 ⁴ita
325 1772 466 1825 maiore
511 1772 677 1823 quadam
721 1773 758 1810 vi
803 1786 843 1811 se
888 1773 1175 1824 excipientibus,
1236 1773 1320 1811 Cat.
1356 1773 1466 1821 VII„

232 1840 267 1876 5.
310 1839 435 1891 Iyitur
461 1854 536 1878 non
557 1840 655 1878 locus
676 1840 774 1878 ullus
793 1854 904 1890 asper
924 1848 1005 1878 erat
1013 1855 1025 1888 ;
1055 1841 1175 1892 (nam)
1204 1841 1322 1878 virtus
1340 1841 1467 1879 omnia

231 1906 434 1944 domuerat.
474 1906 639 1955 XLIII„
668 1908 703 1944 4.
748 1906 904 1944 Natura
923 1907 1120 1953 vehentem,
1141 1921 1257 1945 manu
1268 1915 1467 1957 promptus

231 1981 332 2021 παι,-
359 1988 578 2012 maxumum
606 1974 739 2025 (enim)
760 1974 893 2012 bonum
919 1976 961 2013 in
980 1974 1164 2013 celeritate
1179 1974 1349 2026 putabat.
1376 1974 1464 2025 Iug.

230 2040 483 2088 XXXVIII.⁷
521 2042 556 2078 2.
610 2041 752 2078 Aulum
770 2041 956 2091 perpulit,
994 2049 1034 2079 ut
1060 2043 1102 2079 in
1128 2041 1275 2079 abditas
1301 2043 1467 2092 reqiones

229 2122 305 2147 sese
331 2107 445 2147 veluti
472 2107 653 2147 cedentem
680 2109 930 2161 insequeretur
938 2123 950 2156 ‚-
988 2108 1110 2160 (nam)
1148 2108 1204 2146 ita
1230 2107 1369 2147 delicta
1406 2121 1466 2147 oc-

231 2176 390 2214 cultiora
409 2176 489 2214 fore
517 2175 659 2227 (dixit).
676 2176 827 2214 —Aliis
853 2176 944 2214 locis
969 2176 1178 2227 particulae
1206 2175 1466 2214 adversativae

230 2243 380 2282 desunt.
436 2243 520 2282 Cat.
548 2242 738 2292 XXXV.,
776 2245 811 2281 2.
866 2243 992 2287 Quam
1025 2244 1072 2282 ob
1099 2257 1180 2282 rem
1206 2243 1465 2282 defensionem

230 2311 268 2348 in
295 2324 393 2349 novo
422 2311 575 2349 consilio
603 2323 678 2348 non
705 2311 821 2348 statui
846 2323 1002 2367 parare:
1041 2311 1142 2361 (sed)
1171 2310 1467 2349 satisfactionem

230 2391 281 2416 ex
307 2378 412 2416 nulla
439 2377 668 2416 conscientia
703 2376 751 2415 de
788 2377 901 2428 culpa
927 2390 1136 2429 proponere
1163 2377 1324 2416 decrevi.
1379 2377 1464 2416 Cat.

231 2446 292 2495 58,
324 2446 383 2484 13.
431 2444 559 2484 Licuit
585 2444 691 2484 vobis
719 2457 805 2483 cum
832 2457 980 2483 summa
1007 2444 1241 2497 turpitudine
1267 2445 1306 2482 in
1333 2445 1466 2483 exsilio
