<?xml version="1.0" encoding="UTF-8"?>
<!DOCTYPE html PUBLIC "-//W3C//DTD XHTML 1.0 Transitional//EN"
    "http://www.w3.org/TR/xhtml1/DTD/xhtml1-transitional.dtd">
<html xmlns="http://www.w3.org/1999/xhtml" xml:lang="en" lang="en">
 <head>
  <title>
</title>
<meta http-equiv="Content-Type" content="text/html;charset=utf-8" />
  <meta name='ocr-system' content='tesseract 3.04.00' />
  <meta name='ocr-capabilities' content='ocr_page ocr_carea ocr_par ocr_line ocrx_word'/>
</head>
<body>
  <div class='ocr_page' id='page_1' title='image "./4630401_0025.png"; bbox 0 0 1685 2878; ppageno 0'>
   <div class='ocr_carea' id='block_1_1' title="bbox 63 291 79 319">
    <p class='ocr_par' dir='ltr' id='par_1_1' title="bbox 63 291 79 319">
     <span class='ocr_line' id='line_1_1' title="bbox 63 291 79 319; baseline 0 -7"><span class='ocrx_word' id='word_1_1' title='bbox 63 291 79 319; x_wconf 58' lang='grc' dir='ltr'>ί)</span> 
     </span>
    </p>
   </div>
   <div class='ocr_carea' id='block_1_2' title="bbox 721 756 982 825">
    <p class='ocr_par' dir='ltr' id='par_1_2' title="bbox 721 756 982 825">
     <span class='ocr_line' id='line_1_2' title="bbox 721 756 982 825; baseline -0.008 -14"><span class='ocrx_word' id='word_1_2' title='bbox 721 756 882 825; x_wconf 75' lang='lat' dir='ltr'>Caput</span> <span class='ocrx_word' id='word_1_3' title='bbox 921 756 982 811; x_wconf 91' lang='grc' dir='ltr'>ΙΙΙ.</span> 
     </span>
    </p>
   </div>
   <div class='ocr_carea' id='block_1_3' title="bbox 223 887 1472 2482">
    <p class='ocr_par' dir='ltr' id='par_1_3' title="bbox 234 887 1472 1073">
     <span class='ocr_line' id='line_1_3' title="bbox 337 887 1472 936; baseline -0.001 -10"><span class='ocrx_word' id='word_1_4' title='bbox 337 888 396 925; x_wconf 90' lang='lat' dir='ltr'>De</span> <span class='ocrx_word' id='word_1_5' title='bbox 426 888 596 926; x_wconf 77' lang='lat' dir='ltr'>Sallustii</span> <span class='ocrx_word' id='word_1_6' title='bbox 637 888 781 925; x_wconf 84' lang='lat' dir='ltr'>ratione</span> <span class='ocrx_word' id='word_1_7' title='bbox 816 888 967 925; x_wconf 87' lang='lat' dir='ltr'>dicendi</span> <span class='ocrx_word' id='word_1_8' title='bbox 1002 888 1077 925; x_wconf 87' lang='lat' dir='ltr'>iam</span> <span class='ocrx_word' id='word_1_9' title='bbox 1104 887 1364 925; x_wconf 82' lang='lat' dir='ltr'>disserendum</span> <span class='ocrx_word' id='word_1_10' title='bbox 1403 893 1472 936; x_wconf 83' lang='lat' dir='ltr'>est,</span> 
     </span>
     <span class='ocr_line' id='line_1_4' title="bbox 234 953 1469 1006; baseline -0.001 -13"><span class='ocrx_word' id='word_1_11' title='bbox 234 968 348 1006; x_wconf 89' lang='lat' dir='ltr'>quam</span> <span class='ocrx_word' id='word_1_12' title='bbox 375 968 454 993; x_wconf 87' lang='lat' dir='ltr'>rem</span> <span class='ocrx_word' id='word_1_13' title='bbox 481 955 535 993; x_wconf 89' lang='lat' dir='ltr'>ita</span> <span class='ocrx_word' id='word_1_14' title='bbox 561 954 818 1003; x_wconf 75' lang='lat' dir='ltr'>instituemus,</span> <span class='ocrx_word' id='word_1_15' title='bbox 852 958 896 993; x_wconf 92' lang='lat' dir='ltr'>ut</span> <span class='ocrx_word' id='word_1_16' title='bbox 924 967 973 993; x_wconf 80' lang='lat' dir='ltr'>ex</span> <span class='ocrx_word' id='word_1_17' title='bbox 1000 953 1130 992; x_wconf 82' lang='lat' dir='ltr'>ordine</span> <span class='ocrx_word' id='word_1_18' title='bbox 1157 954 1205 992; x_wconf 89' lang='lat' dir='ltr'>de</span> <span class='ocrx_word' id='word_1_19' title='bbox 1233 954 1315 992; x_wconf 78' lang='lat' dir='ltr'>eius</span> <span class='ocrx_word' id='word_1_20' title='bbox 1342 954 1469 992; x_wconf 84' lang='lat' dir='ltr'>studio</span> 
     </span>
     <span class='ocr_line' id='line_1_5' title="bbox 234 1022 1335 1073; baseline -0.001 -13"><span class='ocrx_word' id='word_1_21' title='bbox 234 1023 482 1073; x_wconf 75' lang='lat' dir='ltr'>antiquitatis,</span> <span class='ocrx_word' id='word_1_22' title='bbox 510 1022 559 1060; x_wconf 88' lang='lat' dir='ltr'>de</span> <span class='ocrx_word' id='word_1_23' title='bbox 587 1023 660 1060; x_wconf 81' lang='lat' dir='ltr'>stili</span> <span class='ocrx_word' id='word_1_24' title='bbox 687 1022 885 1070; x_wconf 86' lang='lat' dir='ltr'>varietate,</span> <span class='ocrx_word' id='word_1_25' title='bbox 912 1022 1097 1060; x_wconf 85' lang='lat' dir='ltr'>brevitate</span> <span class='ocrx_word' id='word_1_26' title='bbox 1124 1022 1335 1072; x_wconf 84' lang='lat' dir='ltr'>loquamur.</span> 
     </span>
    </p>

    <p class='ocr_par' dir='ltr' id='par_1_4' title="bbox 223 1088 1472 2482">
     <span class='ocr_line' id='line_1_6' title="bbox 337 1088 1472 1139; baseline 0 -13"><span class='ocrx_word' id='word_1_27' title='bbox 337 1088 559 1126; x_wconf 83' lang='lat' dir='ltr'>Sallustium</span> <span class='ocrx_word' id='word_1_28' title='bbox 595 1089 836 1139; x_wconf 90' lang='lat' dir='ltr'>antiquorum</span> <span class='ocrx_word' id='word_1_29' title='bbox 872 1089 1072 1126; x_wconf 88' lang='lat' dir='ltr'>verborum</span> <span class='ocrx_word' id='word_1_30' title='bbox 1109 1088 1224 1125; x_wconf 82' lang='lat' dir='ltr'>fuisse</span> <span class='ocrx_word' id='word_1_31' title='bbox 1259 1089 1472 1127; x_wconf 85' lang='lat' dir='ltr'>amantissi—</span> 
     </span>
     <span class='ocr_line' id='line_1_7' title="bbox 233 1154 1471 1205; baseline 0 -12"><span class='ocrx_word' id='word_1_32' title='bbox 233 1168 337 1193; x_wconf 91' lang='lat' dir='ltr'>mum</span> <span class='ocrx_word' id='word_1_33' title='bbox 363 1160 402 1193; x_wconf 87' lang='lat' dir='ltr'>et</span> <span class='ocrx_word' id='word_1_34' title='bbox 425 1156 676 1193; x_wconf 78' lang='lat' dir='ltr'>recentiorum</span> <span class='ocrx_word' id='word_1_35' title='bbox 704 1155 817 1193; x_wconf 83' lang='lat' dir='ltr'>etiam</span> <span class='ocrx_word' id='word_1_36' title='bbox 835 1155 997 1205; x_wconf 82' lang='lat' dir='ltr'>priscam</span> <span class='ocrx_word' id='word_1_37' title='bbox 1017 1154 1330 1205; x_wconf 84' lang='lat' dir='ltr'>significationem</span> <span class='ocrx_word' id='word_1_38' title='bbox 1357 1168 1471 1205; x_wconf 89' lang='lat' dir='ltr'>quam</span> 
     </span>
     <span class='ocr_line' id='line_1_8' title="bbox 232 1221 1472 1272; baseline 0 -13"><span class='ocrx_word' id='word_1_39' title='bbox 232 1223 399 1260; x_wconf 79' lang='lat' dir='ltr'>maxime</span> <span class='ocrx_word' id='word_1_40' title='bbox 427 1235 509 1260; x_wconf 76' lang='lat' dir='ltr'>esse</span> <span class='ocrx_word' id='word_1_41' title='bbox 538 1226 711 1260; x_wconf 83' lang='lat' dir='ltr'>secutum</span> <span class='ocrx_word' id='word_1_42' title='bbox 739 1235 858 1272; x_wconf 92' lang='lat' dir='ltr'>quum</span> <span class='ocrx_word' id='word_1_43' title='bbox 886 1234 935 1259; x_wconf 82' lang='lat' dir='ltr'>ex</span> <span class='ocrx_word' id='word_1_44' title='bbox 963 1221 1044 1259; x_wconf 83' lang='lat' dir='ltr'>eius</span> <span class='ocrx_word' id='word_1_45' title='bbox 1070 1221 1174 1259; x_wconf 83' lang='lat' dir='ltr'>libris</span> <span class='ocrx_word' id='word_1_46' title='bbox 1201 1222 1309 1260; x_wconf 88' lang='lat' dir='ltr'>facile</span> <span class='ocrx_word' id='word_1_47' title='bbox 1337 1222 1472 1260; x_wconf 88' lang='lat' dir='ltr'>intelli-</span> 
     </span>
     <span class='ocr_line' id='line_1_9' title="bbox 232 1288 1469 1340; baseline -0.001 -13"><span class='ocrx_word' id='word_1_48' title='bbox 232 1289 355 1340; x_wconf 88' lang='lat' dir='ltr'>gitur,</span> <span class='ocrx_word' id='word_1_49' title='bbox 392 1293 473 1327; x_wconf 92' lang='lat' dir='ltr'>tum</span> <span class='ocrx_word' id='word_1_50' title='bbox 508 1289 715 1327; x_wconf 88' lang='lat' dir='ltr'>multorum</span> <span class='ocrx_word' id='word_1_51' title='bbox 751 1288 899 1327; x_wconf 83' lang='lat' dir='ltr'>iudiciis</span> <span class='ocrx_word' id='word_1_52' title='bbox 927 1288 1161 1339; x_wconf 87' lang='lat' dir='ltr'>comprobari</span> <span class='ocrx_word' id='word_1_53' title='bbox 1198 1292 1335 1340; x_wconf 82' lang='lat' dir='ltr'>potest.</span> <span class='ocrx_word' id='word_1_54' title='bbox 1391 1288 1469 1327; x_wconf 78' lang='lat' dir='ltr'>cfr.</span> 
     </span>
     <span class='ocr_line' id='line_1_10' title="bbox 232 1347 1470 1406; baseline 0 -13"><span class='ocrx_word' id='word_1_55' title='bbox 232 1347 350 1393; x_wconf 82' lang='lat' dir='ltr'>Prisc.</span> <span class='ocrx_word' id='word_1_56' title='bbox 371 1355 479 1403; x_wconf 63' lang='lat' dir='ltr'><strong>XJI„</strong></span> <span class='ocrx_word' id='word_1_57' title='bbox 507 1368 543 1406; x_wconf 91' lang='lat' dir='ltr'>p.</span> <span class='ocrx_word' id='word_1_58' title='bbox 565 1357 653 1403; x_wconf 85' lang='lat'>261,</span> <span class='ocrx_word' id='word_1_59' title='bbox 681 1356 746 1393; x_wconf 92' lang='lat' dir='ltr'>ubi</span> <span class='ocrx_word' id='word_1_60' title='bbox 766 1356 847 1393; x_wconf 86' lang='lat' dir='ltr'>eius</span> <span class='ocrx_word' id='word_1_61' title='bbox 868 1355 986 1392; x_wconf 87' lang='lat' dir='ltr'>oratio</span> <span class='ocrx_word' id='word_1_62' title='bbox 1006 1368 1093 1393; x_wconf 91' lang='lat' dir='ltr'>cum</span> <span class='ocrx_word' id='word_1_63' title='bbox 1111 1355 1281 1393; x_wconf 88' lang='lat' dir='ltr'>Lucretii</span> <span class='ocrx_word' id='word_1_64' title='bbox 1301 1360 1339 1393; x_wconf 90' lang='lat' dir='ltr'>ct</span> <span class='ocrx_word' id='word_1_65' title='bbox 1358 1356 1470 1393; x_wconf 83' lang='lat' dir='ltr'>Cato-</span> 
     </span>
     <span class='ocr_line' id='line_1_11' title="bbox 231 1422 1468 1474; baseline 0.001 -14"><span class='ocrx_word' id='word_1_66' title='bbox 231 1422 289 1460; x_wconf 83' lang='lat' dir='ltr'>nis</span> <span class='ocrx_word' id='word_1_67' title='bbox 316 1427 567 1473; x_wconf 83' lang='lat' dir='ltr'>comparatur.</span> <span class='ocrx_word' id='word_1_68' title='bbox 621 1422 757 1474; x_wconf 87' lang='lat' dir='ltr'>Neque</span> <span class='ocrx_word' id='word_1_69' title='bbox 783 1422 821 1460; x_wconf 91' lang='lat' dir='ltr'>id</span> <span class='ocrx_word' id='word_1_70' title='bbox 850 1422 973 1461; x_wconf 86' lang='lat' dir='ltr'>solum</span> <span class='ocrx_word' id='word_1_71' title='bbox 998 1422 1036 1460; x_wconf 92' lang='lat' dir='ltr'>in</span> <span class='ocrx_word' id='word_1_72' title='bbox 1056 1423 1258 1461; x_wconf 84' lang='lat' dir='ltr'>verborum</span> <span class='ocrx_word' id='word_1_73' title='bbox 1286 1422 1468 1461; x_wconf 85' lang='lat' dir='ltr'>electione</span> 
     </span>
     <span class='ocr_line' id='line_1_12' title="bbox 233 1490 1470 1540; baseline 0.002 -14"><span class='ocrx_word' id='word_1_74' title='bbox 233 1493 347 1539; x_wconf 88' lang='lat' dir='ltr'>atque</span> <span class='ocrx_word' id='word_1_75' title='bbox 374 1490 565 1527; x_wconf 83' lang='lat' dir='ltr'>structura</span> <span class='ocrx_word' id='word_1_76' title='bbox 592 1490 659 1526; x_wconf 79' lang='lat' dir='ltr'>sed</span> <span class='ocrx_word' id='word_1_77' title='bbox 697 1490 735 1526; x_wconf 93' lang='lat' dir='ltr'>in</span> <span class='ocrx_word' id='word_1_78' title='bbox 762 1490 844 1540; x_wconf 85' lang='lat' dir='ltr'>ipsa</span> <span class='ocrx_word' id='word_1_79' title='bbox 872 1490 1057 1527; x_wconf 84' lang='lat' dir='ltr'>scribendi</span> <span class='ocrx_word' id='word_1_80' title='bbox 1086 1490 1361 1528; x_wconf 86' lang='lat' dir='ltr'>consuetudine</span> <span class='ocrx_word' id='word_1_81' title='bbox 1387 1503 1470 1540; x_wconf 88' lang='lat' dir='ltr'>per-</span> 
     </span>
     <span class='ocr_line' id='line_1_13' title="bbox 231 1556 1470 1608; baseline 0.001 -14"><span class='ocrx_word' id='word_1_82' title='bbox 231 1556 400 1607; x_wconf 80' lang='lat' dir='ltr'>spicitur.</span> <span class='ocrx_word' id='word_1_83' title='bbox 454 1556 517 1594; x_wconf 87' lang='lat' dir='ltr'>Ita</span> <span class='ocrx_word' id='word_1_84' title='bbox 543 1556 730 1595; x_wconf 86' lang='lat' dir='ltr'>invenitur</span> <span class='ocrx_word' id='word_1_85' title='bbox 757 1569 905 1608; x_wconf 87' lang='lat' dir='ltr'>semper</span> <span class='ocrx_word' id='word_1_86' title='bbox 932 1556 1184 1607; x_wconf 80' lang='lat' dir='ltr'>superlativus</span> <span class='ocrx_word' id='word_1_87' title='bbox 1220 1556 1259 1594; x_wconf 91' lang='lat' dir='ltr'>in</span> <span class='ocrx_word' id='word_1_88' title='bbox 1290 1579 1334 1585; x_wconf 81' lang='lat'>—</span> <span class='ocrx_word' id='word_1_89' title='bbox 1363 1571 1470 1595; x_wconf 78' lang='lat' dir='ltr'>umus</span> 
     </span>
     <span class='ocr_line' id='line_1_14' title="bbox 233 1623 1469 1673; baseline 0.002 -13"><span class='ocrx_word' id='word_1_90' title='bbox 233 1623 422 1671; x_wconf 79' lang='lat' dir='ltr'>desinens,</span> <span class='ocrx_word' id='word_1_91' title='bbox 445 1627 489 1661; x_wconf 94' lang='lat' dir='ltr'>ut</span> <span class='ocrx_word' id='word_1_92' title='bbox 510 1631 691 1673; x_wconf 78' lang='lat' dir='ltr'>optumus,</span> <span class='ocrx_word' id='word_1_93' title='bbox 713 1624 798 1662; x_wconf 83' lang='lat' dir='ltr'>Cat.</span> <span class='ocrx_word' id='word_1_94' title='bbox 819 1623 886 1672; x_wconf 83' lang='lat' dir='ltr'>IL,</span> <span class='ocrx_word' id='word_1_95' title='bbox 912 1625 947 1672; x_wconf 82' lang='lat'>6,</span> <span class='ocrx_word' id='word_1_96' title='bbox 975 1638 1185 1670; x_wconf 68' lang='lat' dir='ltr'>maoeumus,</span> <span class='ocrx_word' id='word_1_97' title='bbox 1216 1624 1300 1662; x_wconf 80' lang='lat' dir='ltr'>Cat.</span> <span class='ocrx_word' id='word_1_98' title='bbox 1320 1624 1405 1672; x_wconf 66' lang='lat' dir='ltr'>IX„</span> <span class='ocrx_word' id='word_1_99' title='bbox 1435 1626 1469 1672; x_wconf 89' lang='lat'>1,</span> 
     </span>
     <span class='ocr_line' id='line_1_15' title="bbox 223 1689 1470 1742; baseline 0.001 -14"><span class='ocrx_word' id='word_1_100' title='bbox 223 1690 439 1742; x_wconf 76' lang='lat' dir='ltr'>plurumus,</span> <span class='ocrx_word' id='word_1_101' title='bbox 469 1689 553 1729; x_wconf 79' lang='lat' dir='ltr'>Cat.</span> <span class='ocrx_word' id='word_1_102' title='bbox 582 1690 650 1739; x_wconf 92' lang='grc' dir='ltr'>Π.,</span> <span class='ocrx_word' id='word_1_103' title='bbox 680 1692 716 1739; x_wconf 86' lang='grc'>2,</span> <span class='ocrx_word' id='word_1_104' title='bbox 735 1689 946 1742; x_wconf 80' lang='lat' dir='ltr'>finitumus,</span> <span class='ocrx_word' id='word_1_105' title='bbox 964 1690 1222 1741; x_wconf 71' lang='lat' dir='ltr'>fortis-sumus,</span> <span class='ocrx_word' id='word_1_106' title='bbox 1251 1690 1470 1742; x_wconf 71' lang='lat' dir='ltr'>infirmissu-</span> 
     </span>
     <span class='ocr_line' id='line_1_16' title="bbox 231 1758 1469 1810; baseline 0.001 -15"><span class='ocrx_word' id='word_1_107' title='bbox 231 1773 332 1804; x_wconf 81' lang='lat' dir='ltr'>mus,</span> <span class='ocrx_word' id='word_1_108' title='bbox 372 1758 605 1805; x_wconf 78' lang='lat' dir='ltr'>clarissumi,</span> <span class='ocrx_word' id='word_1_109' title='bbox 642 1759 947 1804; x_wconf 78' lang='lat' dir='ltr'>sceleratissumi,</span> <span class='ocrx_word' id='word_1_110' title='bbox 984 1760 1207 1806; x_wconf 75' lang='lat' dir='ltr'>novissume,</span> <span class='ocrx_word' id='word_1_111' title='bbox 1245 1774 1469 1810; x_wconf 59' lang='lat' dir='ltr'>aeqewume,</span> 
     </span>
     <span class='ocr_line' id='line_1_17' title="bbox 234 1825 1468 1876; baseline 0.001 -13"><span class='ocrx_word' id='word_1_112' title='bbox 234 1839 427 1863; x_wconf 78' lang='lat' dir='ltr'>acerrume</span> <span class='ocrx_word' id='word_1_113' title='bbox 454 1829 526 1863; x_wconf 88' lang='lat' dir='ltr'>etc.</span> <span class='ocrx_word' id='word_1_114' title='bbox 582 1825 659 1863; x_wconf 82' lang='lat' dir='ltr'>Ofr.</span> <span class='ocrx_word' id='word_1_115' title='bbox 687 1825 895 1863; x_wconf 79' lang='lat' dir='ltr'>Schneider</span> <span class='ocrx_word' id='word_1_116' title='bbox 922 1825 970 1863; x_wconf 90' lang='lat' dir='ltr'>de</span> <span class='ocrx_word' id='word_1_117' title='bbox 997 1825 1118 1864; x_wconf 88' lang='lat' dir='ltr'>Elem.</span> <span class='ocrx_word' id='word_1_118' title='bbox 1138 1825 1225 1864; x_wconf 85' lang='lat' dir='ltr'>Lat.</span> <span class='ocrx_word' id='word_1_119' title='bbox 1245 1826 1277 1863; x_wconf 92' lang='grc' dir='ltr'>Ι.</span> <span class='ocrx_word' id='word_1_120' title='bbox 1296 1838 1385 1876; x_wconf 89' lang='lat' dir='ltr'>pag.</span> <span class='ocrx_word' id='word_1_121' title='bbox 1408 1827 1468 1864; x_wconf 83' lang='lat'>18.</span> 
     </span>
     <span class='ocr_line' id='line_1_18' title="bbox 231 1892 1470 1944; baseline 0 -14"><span class='ocrx_word' id='word_1_122' title='bbox 231 1892 439 1931; x_wconf 87' lang='lat' dir='ltr'>Praeterea</span> <span class='ocrx_word' id='word_1_123' title='bbox 470 1915 514 1920; x_wconf 85' lang='lat'>—</span> <span class='ocrx_word' id='word_1_124' title='bbox 544 1905 570 1929; x_wconf 96' lang='lat' dir='ltr'>u</span> <span class='ocrx_word' id='word_1_125' title='bbox 601 1916 645 1920; x_wconf 92' lang='lat'>—</span> <span class='ocrx_word' id='word_1_126' title='bbox 675 1906 725 1930; x_wconf 82' lang='lat' dir='ltr'>ex</span> <span class='ocrx_word' id='word_1_127' title='bbox 752 1896 924 1930; x_wconf 87' lang='lat' dir='ltr'>veterum</span> <span class='ocrx_word' id='word_1_128' title='bbox 950 1905 1023 1930; x_wconf 86' lang='lat' dir='ltr'>usu</span> <span class='ocrx_word' id='word_1_129' title='bbox 1051 1893 1191 1943; x_wconf 88' lang='lat' dir='ltr'>ubique</span> <span class='ocrx_word' id='word_1_130' title='bbox 1218 1893 1257 1930; x_wconf 90' lang='lat' dir='ltr'>in</span> <span class='ocrx_word' id='word_1_131' title='bbox 1283 1892 1470 1944; x_wconf 87' lang='lat' dir='ltr'>gerundio</span> 
     </span>
     <span class='ocr_line' id='line_1_19' title="bbox 231 1959 1468 2010; baseline -0.001 -14"><span class='ocrx_word' id='word_1_132' title='bbox 231 1962 269 1997; x_wconf 89' lang='lat' dir='ltr'>et</span> <span class='ocrx_word' id='word_1_133' title='bbox 295 1959 493 2010; x_wconf 87' lang='lat' dir='ltr'>participio</span> <span class='ocrx_word' id='word_1_134' title='bbox 521 1959 639 1997; x_wconf 86' lang='lat' dir='ltr'>futuri</span> <span class='ocrx_word' id='word_1_135' title='bbox 665 1959 805 2009; x_wconf 82' lang='lat' dir='ltr'>passivi</span> <span class='ocrx_word' id='word_1_136' title='bbox 833 1959 968 1997; x_wconf 87' lang='lat' dir='ltr'>tertiae</span> <span class='ocrx_word' id='word_1_137' title='bbox 1005 1964 1044 1997; x_wconf 85' lang='lat' dir='ltr'>et</span> <span class='ocrx_word' id='word_1_138' title='bbox 1070 1963 1229 2009; x_wconf 80' lang='lat' dir='ltr'>quartae</span> <span class='ocrx_word' id='word_1_139' title='bbox 1256 1959 1468 2009; x_wconf 86' lang='lat' dir='ltr'>coniugati-</span> 
     </span>
     <span class='ocr_line' id='line_1_20' title="bbox 230 2025 1465 2077; baseline -0.001 -13"><span class='ocrx_word' id='word_1_140' title='bbox 230 2025 312 2063; x_wconf 86' lang='lat' dir='ltr'>onis</span> <span class='ocrx_word' id='word_1_141' title='bbox 338 2026 484 2064; x_wconf 81' lang='lat' dir='ltr'>scribit:</span> <span class='ocrx_word' id='word_1_142' title='bbox 502 2026 713 2077; x_wconf 69' lang='lat' dir='ltr'>faciundo,</span> <span class='ocrx_word' id='word_1_143' title='bbox 749 2026 836 2077; x_wconf 87' lang='lat' dir='ltr'>Iug.</span> <span class='ocrx_word' id='word_1_144' title='bbox 866 2025 1091 2074; x_wconf 86' lang='lat' dir='ltr'>LXXXV.,</span> <span class='ocrx_word' id='word_1_145' title='bbox 1128 2027 1190 2074; x_wconf 86' lang='lat'>36,</span> <span class='ocrx_word' id='word_1_146' title='bbox 1216 2025 1465 2076; x_wconf 80' lang='lat' dir='ltr'>faciundum,</span> 
     </span>
     <span class='ocr_line' id='line_1_21' title="bbox 228 2093 1466 2144; baseline 0.001 -14"><span class='ocrx_word' id='word_1_147' title='bbox 228 2093 317 2144; x_wconf 89' lang='lat' dir='ltr'>Iug.</span> <span class='ocrx_word' id='word_1_148' title='bbox 346 2094 463 2142; x_wconf 77' lang='lat' dir='ltr'>CXL,</span> <span class='ocrx_word' id='word_1_149' title='bbox 493 2096 535 2142; x_wconf 90' lang='lat'>1,</span> <span class='ocrx_word' id='word_1_150' title='bbox 564 2094 752 2143; x_wconf 71' lang='lat' dir='ltr'>potiundi,</span> <span class='ocrx_word' id='word_1_151' title='bbox 781 2094 869 2144; x_wconf 86' lang='lat' dir='ltr'>Iug.</span> <span class='ocrx_word' id='word_1_152' title='bbox 897 2094 1121 2142; x_wconf 89' lang='lat' dir='ltr'>XXXVII.,</span> <span class='ocrx_word' id='word_1_153' title='bbox 1149 2095 1187 2142; x_wconf 91' lang='lat'>4,</span> <span class='ocrx_word' id='word_1_154' title='bbox 1222 2093 1466 2139; x_wconf 77' lang='lat' dir='ltr'>ementiundo,</span> 
     </span>
     <span class='ocr_line' id='line_1_22' title="bbox 231 2159 1467 2211; baseline 0 -13"><span class='ocrx_word' id='word_1_155' title='bbox 231 2159 315 2198; x_wconf 81' lang='lat' dir='ltr'>Cat.</span> <span class='ocrx_word' id='word_1_156' title='bbox 344 2159 426 2208; x_wconf 87' lang='lat' dir='ltr'>IL.,</span> <span class='ocrx_word' id='word_1_157' title='bbox 457 2161 500 2209; x_wconf 88' lang='lat'>1,</span> <span class='ocrx_word' id='word_1_158' title='bbox 537 2159 691 2211; x_wconf 78' lang='lat' dir='ltr'>ayundi,</span> <span class='ocrx_word' id='word_1_159' title='bbox 721 2159 804 2198; x_wconf 86' lang='lat' dir='ltr'>Cat.</span> <span class='ocrx_word' id='word_1_160' title='bbox 832 2159 958 2208; x_wconf 89' lang='lat' dir='ltr'>XXI.,</span> <span class='ocrx_word' id='word_1_161' title='bbox 985 2161 1021 2208; x_wconf 87' lang='lat'>3,</span> <span class='ocrx_word' id='word_1_162' title='bbox 1053 2159 1218 2206; x_wconf 74' lang='lat' dir='ltr'>dicundi,</span> <span class='ocrx_word' id='word_1_163' title='bbox 1249 2159 1334 2198; x_wconf 82' lang='lat' dir='ltr'>Cat.</span> <span class='ocrx_word' id='word_1_164' title='bbox 1362 2159 1467 2209; x_wconf 61' lang='lat' dir='ltr'>LII„</span> 
     </span>
     <span class='ocr_line' id='line_1_23' title="bbox 232 2226 1467 2277; baseline 0.002 -14"><span class='ocrx_word' id='word_1_165' title='bbox 232 2228 267 2275; x_wconf 94' lang='lat'>1,</span> <span class='ocrx_word' id='word_1_166' title='bbox 287 2226 458 2273; x_wconf 77' lang='lat' dir='ltr'>dicundo,</span> <span class='ocrx_word' id='word_1_167' title='bbox 478 2227 566 2277; x_wconf 85' lang='lat' dir='ltr'>Iug.</span> <span class='ocrx_word' id='word_1_168' title='bbox 588 2227 772 2276; x_wconf 68' lang='lat' dir='ltr'><strong>XXXII„</strong></span> <span class='ocrx_word' id='word_1_169' title='bbox 794 2228 828 2263; x_wconf 93' lang='lat'>1.</span> <span class='ocrx_word' id='word_1_170' title='bbox 856 2226 995 2265; x_wconf 88' lang='lat' dir='ltr'>Itidem</span> <span class='ocrx_word' id='word_1_171' title='bbox 1011 2227 1051 2263; x_wconf 92' lang='lat' dir='ltr'>in</span> <span class='ocrx_word' id='word_1_172' title='bbox 1074 2227 1233 2277; x_wconf 86' lang='lat' dir='ltr'>singulis</span> <span class='ocrx_word' id='word_1_173' title='bbox 1252 2227 1467 2265; x_wconf 84' lang='lat' dir='ltr'>vocabulis:</span> 
     </span>
     <span class='ocr_line' id='line_1_24' title="bbox 231 2292 1467 2344; baseline 0 -13"><span class='ocrx_word' id='word_1_174' title='bbox 231 2292 436 2343; x_wconf 73' lang='lat' dir='ltr'>leqitumus,</span> <span class='ocrx_word' id='word_1_175' title='bbox 466 2293 549 2331; x_wconf 77' lang='lat' dir='ltr'>Cat.</span> <span class='ocrx_word' id='word_1_176' title='bbox 577 2293 743 2341; x_wconf 86' lang='lat' dir='ltr'>XVIII.,</span> <span class='ocrx_word' id='word_1_177' title='bbox 772 2294 808 2341; x_wconf 86' lang='lat'>3,</span> <span class='ocrx_word' id='word_1_178' title='bbox 837 2293 1035 2339; x_wconf 77' lang='lat' dir='ltr'>lacrumas,</span> <span class='ocrx_word' id='word_1_179' title='bbox 1064 2293 1152 2344; x_wconf 85' lang='lat' dir='ltr'>Iug.</span> <span class='ocrx_word' id='word_1_180' title='bbox 1182 2292 1402 2342; x_wconf 66' lang='lat' dir='ltr'>LXXXII„</span> <span class='ocrx_word' id='word_1_181' title='bbox 1432 2295 1467 2341; x_wconf 82' lang='lat'>2,</span> 
     </span>
     <span class='ocr_line' id='line_1_25' title="bbox 231 2359 1468 2411; baseline -0.001 -13"><span class='ocrx_word' id='word_1_182' title='bbox 231 2360 465 2406; x_wconf 75' lang='lat' dir='ltr'>lacrumans,</span> <span class='ocrx_word' id='word_1_183' title='bbox 502 2360 590 2411; x_wconf 88' lang='lat' dir='ltr'>Iug.</span> <span class='ocrx_word' id='word_1_184' title='bbox 618 2359 834 2408; x_wconf 86' lang='lat' dir='ltr'>LXXXV.,</span> <span class='ocrx_word' id='word_1_185' title='bbox 859 2361 901 2409; x_wconf 85' lang='lat'>5,</span> <span class='ocrx_word' id='word_1_186' title='bbox 938 2367 1121 2404; x_wconf 77' lang='lat' dir='ltr'>aestumo,</span> <span class='ocrx_word' id='word_1_187' title='bbox 1160 2359 1244 2398; x_wconf 82' lang='lat' dir='ltr'>Cat.</span> <span class='ocrx_word' id='word_1_188' title='bbox 1273 2359 1403 2408; x_wconf 67' lang='lat' dir='ltr'>VIII„</span> <span class='ocrx_word' id='word_1_189' title='bbox 1432 2361 1468 2408; x_wconf 81' lang='lat'>2,</span> 
     </span>
     <span class='ocr_line' id='line_1_26' title="bbox 231 2427 1466 2482; baseline 0 -16"><span class='ocrx_word' id='word_1_190' title='bbox 231 2428 444 2482; x_wconf 77' lang='lat' dir='ltr'>epistulam,</span> <span class='ocrx_word' id='word_1_191' title='bbox 482 2427 584 2468; x_wconf 87' lang='lat' dir='ltr'>Hist.</span> <span class='ocrx_word' id='word_1_192' title='bbox 613 2428 703 2477; x_wconf 85' lang='lat' dir='ltr'>HL,</span> <span class='ocrx_word' id='word_1_193' title='bbox 732 2428 802 2478; x_wconf 82' lang='lat'>36,</span> <span class='ocrx_word' id='word_1_194' title='bbox 840 2427 975 2475; x_wconf 77' lang='lat' dir='ltr'>lubido,</span> <span class='ocrx_word' id='word_1_195' title='bbox 1006 2427 1090 2467; x_wconf 81' lang='lat' dir='ltr'>Cat.</span> <span class='ocrx_word' id='word_1_196' title='bbox 1118 2427 1325 2478; x_wconf 88' lang='lat' dir='ltr'>XXVIII.,</span> <span class='ocrx_word' id='word_1_197' title='bbox 1353 2428 1388 2466; x_wconf 89' lang='lat'>4.</span> <span class='ocrx_word' id='word_1_198' title='bbox 1422 2452 1466 2457; x_wconf 89' lang='lat'>-—</span> 
     </span>
    </p>
   </div>
  </div>
 </body>
</html>
