1685 2878
739 230 940 269 *36-

219 353 477 398 Quintilianus
504 353 668 404 denique
694 353 758 402 X.,
789 355 833 391 1:
872 353 1019 392 Densus
1054 361 1087 392 et
1113 354 1233 392 brevis
1261 349 1462 408 ctxsemper

218 422 291 459 sibi
317 421 462 458 instans
494 420 738 472 Thucydides,
772 444 816 449 —
844 421 954 460 Haec
980 421 1145 459 brevitas
1171 434 1247 459 non
1274 421 1397 460 solum
1422 421 1461 459 in

227 488 386 539 singulis
413 488 628 536 vocabulis,
665 487 732 526 sed
760 488 875 527 etiam
906 488 996 527 totis
1022 488 1349 527 enunciationibus
1375 501 1462 527 con-

220 555 353 606 spicua
381 559 458 594 est:
496 555 552 603 L,
589 556 652 593 91.
714 556 935 606 Τειχίζεταί
970 572 1014 597 τε
1040 557 1106 596 καὶ
1132 554 1207 607 ἤδη
1233 554 1341 610 ὕψος
1366 557 1461 606 λαμ-

217 619 345 673 βάνει,
372 622 438 660 ubi
466 635 516 660 ex
542 622 756 673 τειχίζεται
785 622 895 660 facile
924 623 1123 674 suppletur
1149 622 1195 663 τὸ
1221 626 1359 673 τεῖχος,
1414 622 1461 671 I.,

220 689 308 726 144.
377 686 541 735 Τούτοις
576 685 883 742 ἀποκρινάμενοι
922 686 1231 740 ἀποπέμψωμεν
1265 686 1460 739 (αὐτούς).

218 755 313 805 VL,
351 756 412 794 79.
459 753 573 797 Ὅταν
608 752 675 796 ὑπ’
701 753 850 804 ἄλλων,
887 757 952 796 καὶ
988 755 1041 807 μή
1070 752 1184 796 αὐτοὶ
1220 755 1314 800 τούς
1339 756 1462 801 πέλας

219 820 400 863 οἶδικιιῖσι.
443 823 587 873 Supple
606 824 655 861 ad
672 823 836 873 priorem
854 827 1002 873 partem
1028 820 1244 863 ἀδικῶνται
1271 836 1320 861 ex
1338 823 1461 861 activo

219 886 402 932 ἀδικῶσι.
437 889 608 929 Pertinet
625 889 700 929 huc
718 889 935 942 suppressio
954 889 1116 939 articuli,
1136 902 1252 941 quam
1270 889 1461 929 interdum

219 958 271 995 ibi
289 958 564 1009 deprehendas,
592 958 658 995 ubi
688 970 736 995 ex
757 957 947 995 vernaculi
967 957 1149 995 sermonis
1168 961 1281 1007 atque
1302 957 1461 995 aliorum

223 1024 457 1062 Graecorum
499 1024 724 1076 scriptorum
766 1023 1040 1062 consuetudine
1085 1037 1160 1062 non
1205 1028 1461 1075 exspectetur,

220 1092 385 1142 exempli
404 1092 539 1143 gratia,
568 1092 687 1130 sicubi
707 1092 935 1130 adiectivum
954 1104 1020 1142 pro
1042 1091 1276 1130 substantivo
1294 1091 1460 1142 positum

219 1159 378 1197 articulo
403 1163 516 1197 caret.
560 1158 637 1197 Cfr.
657 1158 743 1208 IV„
773 1160 834 1197 31.
876 1158 979 1197 Ante
997 1159 1222 1209 particulam
1249 1157 1324 1212 γάρ
1352 1158 1460 1196 omit-

219 1226 314 1263 titur
340 1226 575 1274 enunciatio,
612 1239 687 1277 quo
715 1230 872 1277 spectat.
928 1225 1152 1264 Sallustium
1186 1226 1320 1265 eodem
1347 1225 1459 1264 modo

222 1295 357 1341 „nam“
389 1293 567 1332 adhibere
596 1306 710 1345 supra
737 1297 1074 1332 commemoratum
1102 1298 1170 1332 est.
1225 1293 1271 1330 In
1300 1293 1461 1331 formula

220 1359 257 1401 εἰ
282 1360 352 1409 μὲν
376 1383 425 1387 —
454 1360 536 1400 εἰδὲ
570 1361 622 1413 μή
652 1374 765 1411 saepe
794 1361 901 1398 deest
927 1361 1060 1411 prioris
1087 1361 1245 1398 membri
1273 1360 1461 1410 apodosis.

218 1426 310 1475 III„
338 1428 374 1475 3,
404 1427 638 1481 ἐςηγγέλθη,
672 1426 817 1468 ἐλπίδα
841 1424 940 1468 εἶναι
971 1427 1232 1478 ἐπειχθέντας
1258 1427 1463 1468 ἐπιπεσεῖν

219 1492 346 1548 ἄφνω,
367 1496 431 1535 καὶ
458 1492 504 1548 ἢν
529 1496 600 1545 μὲν
630 1498 761 1550 ξυμβῇ
787 1493 969 1548 ἠπεῖρα,
997 1518 1048 1523 —
1073 1495 1110 1536 εἰ
1135 1496 1180 1535 δὲ
1204 1494 1258 1547 μὴ
1285 1496 1462 1548 Μυτιλη-

218 1562 345 1607 ναίοις
365 1562 516 1614 εἰπεῖν,·
551 1562 600 1602 ad
635 1563 739 1614 prius
766 1563 977 1601 membrum
1016 1563 1124 1601 facile
1158 1565 1284 1601 mente
1320 1561 1462 1601 adicias

217 1631 349 1674 καλῶς
365 1628 482 1680 ἔχειν.
523 1630 598 1668 His
617 1631 801 1681 exemplis
824 1654 869 1658 -
889 1643 977 1668 nam
996 1631 1107 1681 plura
1126 1630 1284 1668 laudare
1303 1631 1461 1680 longum

217 1701 277 1735 est
306 1721 351 1725 —
380 1697 471 1735 satis
498 1697 741 1748 perspicuum
768 1697 823 1746 fit,
852 1696 1118 1748 Thucydidem
1145 1697 1183 1734 in
1201 1696 1461 1747 breviloquen-

220 1764 273 1801 tia
288 1777 375 1802 cum
392 1764 572 1802 Sallustio
589 1768 746 1812 certare,
766 1777 880 1815 quam
893 1765 999 1803 litem
1014 1764 1222 1802 secundum
1239 1763 1462 1802 Sallustium

220 1830 287 1868 dat
315 1830 482 1869 Seneca:
540 1830 659 1877 „Cum
695 1832 743 1868 sic
777 1833 985 1882 praecipua
1025 1832 1062 1868 in
1097 1830 1310 1883 Thucydide
1345 1831 1461 1868 virtus

216 1898 393 1944 brevitas,
432 1898 502 1936 hac
529 1912 612 1936 eum
641 1898 846 1936 Sallustius
875 1900 961 1936 vicit
988 1907 1020 1937 et
1047 1900 1087 1936 in
1113 1900 1191 1936 suis
1219 1913 1301 1936 eum
1330 1899 1462 1935 castris

216 1965 355 2003 cecidit.
406 1965 510 2003 Nam
539 1967 580 2002 in
606 1967 787 2003 sententia
810 1966 959 2004 Graeca
988 1973 1064 2004 tam
1090 1966 1192 2004 brevi
1218 1965 1338 2010 habes,
1367 1979 1462 2018 quac

215 2033 320 2071 salz-o
347 2048 456 2071 sensu-
475 2034 673 2080 detrahas;
701 2042 740 2071 ae
768 2049 815 2072 ezr
836 2033 1013 2073 Sallustii
1031 2035 1212 2072 sententia
1240 2033 1337 2071 nihil
1364 2033 1462 2071 demi

214 2101 295 2138 sine
322 2100 539 2138 detrimento
566 2115 693 2139 sensus
712 2109 846 2152 potest.
902 2101 1082 2152 Excerpt.
1113 2100 1242 2139 Contr.
1272 2100 1357 2148 IX.,
1387 2102 1423 2138 2.

320 2167 431 2212 Quae
460 2168 667 2207 similitudo
697 2173 862 2221 augetur
889 2173 927 2207 et
956 2168 1284 2207 enunciationibus
1312 2172 1349 2207 et
1378 2181 1460 2207 sen-

215 2236 344 2273 tentiis
373 2249 396 2273 a
425 2235 605 2275 Sallustio
635 2250 654 2274 e
684 2236 911 2288 Thucydide
939 2236 1150 2275 translatis:
1180 2235 1258 2274 Ofr.
1282 2235 1366 2275 Cat.
1396 2238 1459 2284 41,

216 2305 252 2340 1.
308 2303 397 2354 Iug.
437 2305 507 2352 46,
548 2305 583 2342 8.
640 2304 689 2342 In
716 2305 854 2342 incerto
883 2304 1061 2349 habuere,
1100 2303 1274 2355 Thucyd.
1303 2304 1358 2352 I.,
1398 2305 1458 2352 25,

214 2371 256 2410 ἐν
291 2367 435 2425 α’πόρῳ
472 2372 647 2421 εἴκοντος
692 2371 779 2423 Iug.
819 2373 889 2419 73,
927 2373 962 2409 5.
1018 2371 1068 2408 Ιη
1104 2372 1227 2409 maius
1263 2370 1456 2416 celebrare,

215 2437 391 2491 Thucyd.
420 2438 467 2487 I.,
497 2440 557 2488 10,
586 2440 622 2488 4,
651 2439 718 2479 ἐπὶ
745 2439 791 2480 vd
817 2440 953 2491 μεῖζον
979 2441 1193 2492 κοσμῆσαι;
1220 2438 1309 2495 Iug.
1330 2439 1392 2487 48,
1423 2440 1457 2489 1,
