1685 2878
703 236 903 274 ,21-

185 360 306 397 senati
333 358 516 397 decretum
545 358 629 397 Cat.
657 359 801 408 XXX„
829 361 874 409 33
901 358 1104 407 XXXVI.,
1133 359 1168 396 5.
1223 358 1269 395 In
1293 359 1424 409 quinta

185 426 436 464 declinatione
457 427 668 477 genitivum
686 427 724 463 in
747 449 791 454 —
814 439 834 463 e
856 427 971 463 fuisse
993 429 1229 463 contractum
1249 427 1423 475 exemplo

186 497 294 531 sunt:
332 492 392 531 die
419 500 622 531 extremam
649 493 738 544 Iug.
766 493 893 541 XXI„
926 494 971 541 2,
1008 492 1068 530 die
1095 506 1222 542 vesper
1247 491 1351 541 LII.,
1379 494 1424 541 33

184 560 366 608 XCVII„
394 562 430 609 3,
457 562 537 599 acie
555 575 653 611 pars
679 560 781 599 Hist.
802 560 848 609 L,
879 561 951 598 103
980 560 1076 611 (edit
1093 559 1296 608 Dietsch.),
1324 573 1423 610 quae

187 627 359 666 codicum
375 628 600 666 auctoritate
619 626 888 666 confirmantur
907 629 945 666 et
964 625 1077 664 Gellii
1099 626 1314 664 testimonio
1337 626 1423 675 IX„

131 699 135 702 ’
189 697 256 733 14:
287 695 395 746 „Ego
422 709 572 745 quoque
600 696 639 732 in
661 695 852 745 Iugurtha
873 694 1044 733 Sallustii
1072 707 1242 732 summae
1270 693 1359 732 fidei
1387 701 1425 732 ct

187 762 415 800 reverendae
432 761 633 800 vetustatis
651 761 745 799 libro
776 760 885 809 „diff
916 774 1006 799 casu
1034 761 1157 812 patrio
1188 760 1312 798 inveni
1336 761 1424 798 scri-

187 832 333 879 ptum.“
363 829 475 872 Quod
490 828 540 866 ad
553 829 668 866 verba
682 832 840 878 spectat,
855 829 1044 878 quaedam
1059 828 1295 878 antiquitatis
1310 829 1423 866 vcsti-

188 895 254 946 gia
268 895 522 942 inveniuntur,
550 906 780 944 quamquam
799 895 920 932 multa
937 895 1051 932 huius
1069 894 1171 932 modi
1187 894 1263 931 iam
1277 899 1425 932 veteres

188 961 425 1012 grammatici
468 961 651 998 delevisse
691 961 945 1011 perhibentur.
1009 962 1168 999 Praeter
1207 961 1422 1008 „intelleaffl

188 1028 263 1067 alia
290 1028 410 1066 forma
435 1027 592 1079 perfecti
617 1028 756 1079 legitur
782 1028 962 1079 intelleqit
988 1028 1076 1079 Ing.
1104 1028 1190 1076 VI„
1220 1030 1263 1077 2,
1300 1033 1338 1067 ot
1365 1043 1424 1067 ne-

186 1095 357 1148 9le9isset
384 1095 473 1147 Iug.
492 1093 593 1143 XL,
622 1096 656 1132 1.
710 1094 821 1133 Aliae
848 1095 973 1133 minus
991 1095 1154 1134 usitatae
1182 1095 1325 1134 formae
1353 1096 1424 1134 hae

189 1168 297 1201 sunt:
326 1163 425 1214 quod
449 1164 640 1213 quaesitu-r
666 1163 767 1200 Hist.
787 1163 873 1210 IV.,
902 1165 964 1210 61,
995 1165 1029 1210 1,
1057 1177 1230 1214 quaesere
1256 1163 1358 1200 Hist.
1379 1163 1425 1210 I.,

191 1231 278 1278 117,
306 1237 508 1267 commeatu
526 1230 742 1267 iuvaturam
760 1229 848 1280 Ing.
868 1229 1132 1278 XXXXVII.,
1152 1230 1187 1278 2,
1207 1244 1426 1282 quemquam

190 1304 425 1347 aq‘notarum.
478 1296 580 1334 Hist.
609 1296 685 1345 ΙΙ.,
724 1297 769 1333 31
809 1296 905 1347 (edit
932 1296 1075 1345 Gerl.),
1109 1297 1181 1333 sibi
1208 1297 1426 1334 abnuitur-03

189 1364 292 1402 Hist.
321 1363 368 1412 I.,
397 1365 465 1413 36,
505 1363 712 1402 Gabiniam
739 1365 894 1402 accersit
922 1363 1006 1402 Cat.
1034 1362 1214 1412 XXXX.,
1244 1365 1287 1412 6,
1326 1363 1427 1401 calvi

190 1438 294 1468 ratus
320 1431 422 1468 Hist.
451 1431 540 1478 III„
569 1432 618 1468 78
647 1431 742 1480 (edit
768 1431 934 1468 Kritseh.
963 1432 1044 1479 96).

291 1498 497 1536 Praeterea
523 1486 688 1535 nomina·
710 1497 749 1535 in
780 1521 825 1525 -
853 1497 931 1535 udo
959 1497 1170 1535 desinentia
1197 1511 1283 1536 cum
1311 1498 1425 1536 habc-

189 1570 272 1603 rent
299 1564 488 1616 quendam
516 1565 751 1615 antiquitatis
780 1566 963 1613 colorem,
1001 1579 1024 1602 a
1053 1564 1233 1602 Sallustio
1271 1566 1426 1616 saepius

188 1636 444 1684 usurpantur:
485 1631 693 1680 „claritudo
720 1632 807 1683 Iug.
836 1632 913 1681 IL,
950 1633 996 1680 4,
1033 1631 1296 1670 necessitud0“
1338 1632 1423 1671 Cat.

187 1701 333 1749 XVII.,
362 1702 397 1748 2,
425 1700 589 1748 LVIH.,
620 1701 680 1737 11.
710 1699 788 1737 cfr.
808 1699 898 1737 Aul.
920 1700 1017 1738 Gen.
1036 1699 1140 1747 XV.,
1169 1701 1212 1737 3:
1244 1700 1427 1748 „inlibris

188 1772 360 1805 veterum
388 1768 504 1817 vulgo
530 1767 695 1817 reperias
713 1767 1030 1806 necessitudinem
1057 1767 1131 1805 dici
1157 1781 1224 1818 pro
1253 1781 1298 1806 eo
1325 1767 1427 1818 quod

187 1847 385 1872 necessum
405 1837 498 1882 est,“
529 1838 567 1872 et
589 1833 736 1882 XVII.,
765 1835 800 1872 2.
832 1834 994 1883 „Nescio
1023 1833 1114 1884 quid
1134 1834 1286 1872 maioris
1305 1834 1427 1885 digni-

188 1902 277 1940 tatis
304 1906 361 1940 est
387 1902 546 1940 verbum
573 1901 788 1939 sanctitudo
820 1902 979 1953 (scilicet
1006 1914 1119 1952 quam
1148 1902 1326 1939 sanctitas
1359 1914 1427 1939 scu

187 1969 451 2018 sanctimonia)
481 1968 590 2007 sicuti
617 1966 671 2005 M.
694 1967 790 2006 Cato
817 1969 856 2006 in
878 1968 925 2007 L.
944 1969 1149 2007 Veturium
1168 1967 1427 2006 duritudinem

187 2050 303 2088 quam
330 2036 509 2075 duritiem
536 2037 663 2075 dicere
690 2036 846 2087 gravius
883 2037 1068 2087 putavit.“
1125 2035 1202 2074 Sed
1238 2036 1429 2075 sufficiant

188 2105 364 2156 exempla
382 2118 430 2142 cx
453 2105 535 2143 eius
553 2105 657 2143 libris
676 2104 725 2142 ad
743 2117 824 2142 rem
843 2104 970 2153 allata,
997 2104 1074 2143 iam
1091 2109 1264 2143 veterum
1283 2104 1428 2143 iudicia.

188 2171 415 2220 adiciemus,
451 2171 589 2223 quibus
628 2171 851 2209 Sallustium
888 2172 1086 2222 antiquum
1121 2171 1271 2209 dicendi
1307 2184 1429 2223 genus

187 2240 387 2278 affectasse
415 2240 690 2290 comprobetur.

288 2306 491 2356 Augustus
519 2318 608 2342 eum
634 2306 751 2343 verba
787 2318 837 2343 ex
865 2305 1084 2357 Originibus
1117 2307 1272 2344 Catonis
1300 2319 1429 2343 excer-

186 2373 306 2425 psisse
324 2372 422 2411 dixit
442 2372 524 2425 (cfr.
547 2371 704 2412 Sueton.
723 2371 858 2412 Octav.
879 2387 911 2412 c.
932 2373 1188 2424 LXXXVI.),
1217 2378 1255 2413 ct
1272 2373 1429 2412 Asinius

185 2441 309 2479 Pollio
335 2441 473 2478 librum
501 2440 648 2491 scripsit
676 2441 759 2492 (cfr.
782 2440 940 2480 Sueton.
965 2442 1013 2481 de
1041 2442 1150 2480 claris
1170 2442 1427 2493 grammaticis
