1685 2878
706 225 906 265 „20-

188 347 337 386 Littera
370 371 413 375 —
443 361 463 385 e
496 371 540 376 —
568 361 635 398 pro
669 370 712 376 —-
740 347 753 385 i
785 371 829 376 —
858 352 916 386 est
950 347 990 385 in
1015 348 1186 399 pluribus
1214 349 1431 400 compositis

187 413 291 451 verbi
321 414 518 465 „legere“:
547 413 754 465 neyleyere‚
793 414 878 452 Cat.
909 414 973 463 X.,
1001 415 1046 464 4,
1081 415 1314 466 intellegitur
1341 415 1429 466 Iug.

190 480 269 529 CL,
301 482 335 529 1,
362 480 594 532 neqleqentia
622 480 706 520 Cat.
736 481 839 530 LII.,
867 482 903 519 9.

291 547 356 585 Ad
394 553 643 586 consonantes
680 548 782 598 quod
819 548 975 596 attinet,
1011 550 1208 599 antiquam
1245 549 1431 587 scribendi

194 628 366 653 normam
402 615 439 653 in
477 628 521 653 eo
550 619 703 654 secutus
731 619 809 664 est,
846 615 949 666 quod
977 616 1016 654 in
1041 616 1214 668 pluribus
1240 616 1433 655 vocabulis

190 695 255 719 eas
283 695 359 719 non
377 683 595 733 geminavit.
650 683 738 720 Non
766 683 888 720 solum
919 687 1081 730 „causa“
1111 683 1302 734 scripsisse
1330 683 1432 720 vide-

189 754 264 798 tur,
292 762 526 800 quamquam
544 749 685 800 ubique
715 753 895 797 „caus-§ff
924 750 1090 788 restituit
1107 749 1338 798 Dietschius,
1365 749 1433 788 sed

189 817 307 854 etiam
328 820 577 866 „oportzmus“
600 816 684 854 Cat.
704 816 890 864 XXVII„
921 819 955 853 1.
1001 816 1143 854 Sed‘in
1163 817 1434 867 orthographia

188 883 378 921 fluctuant
403 883 514 921 valde
542 887 580 921 et
606 883 754 921 codices
781 887 820 921 et
838 882 1012 921 editores.
1061 882 1170 927 Quae
1191 883 1355 922 varietas
1383 895 1433 921 ex

192 963 237 987 eo
265 950 398 999 fluxit,
436 950 538 1001 quod
565 950 655 1001 ipsis
682 950 893 998 veteribus,
931 954 975 988 ut
1001 950 1157 1001 antiqua
1186 954 1433 988 monumenta

190 1017 416 1065 ostendunt,
458 1018 683 1068 ambiguum
719 1017 810 1065 fuit,
847 1021 977 1054 utrum
1013 1017 1141 1068 potius
1179 1016 1432 1068 etymologiae

190 1084 287 1123 ratio
314 1085 490 1123 habenda
532 1090 651 1133 esset,
693 1098 742 1123 an
778 1084 990 1136 euphoniae
1017 1084 1166 1136 legibus
1202 1082 1431 1135 auriumque

190 1151 331 1189 iudicio
360 1151 711 1202 obtemperandum.
759 1151 807 1188 In
834 1152 956 1189 verbis
983 1164 1071 1189 cum
1088 1151 1430 1202 praepositionibus

190 1219 411 1269 compositis
437 1219 643 1269 plurimum
670 1218 802 1257 tribuit
821 1218 1085 1270 etymologiae,
1113 1218 1299 1257 scribens:
1327 1219 1430 1269 inpo-

190 1286 316 1322 suistis
343 1285 432 1336 Iug.
460 1284 678 1334 LXXXV„
706 1286 777 1334 28,
813 1287 1070 1336 inportuosum
1105 1285 1193 1336 Iug.
1221 1285 1367 1333 XVII.,
1396 1286 1432 1333 5,

191 1353 385 1403 inprobior
410 1352 498 1403 Iug.
523 1352 687 1401 XXXI.,
717 1353 778 1401 28,
807 1350 955 1404 inpiyer
981 1352 1068 1403 Iug.
1098 1352 1200 1401 XV.,
1229 1354 1265 1401 4,
1293 1353 1435 1390 inrum-

182 1420 314 1469 perint
348 1419 433 1457 Cat.
462 1418 523 1467 L.,
552 1420 597 1467 2,
634 1419 848 1470 obpuynare
878 1419 966 1470 Iug.
994 1419 1125 1467 LVI.,
1164 1421 1207 1467 l,
1243 1419 1434 1470 conloquio

190 1486 278 1538 Iug.
306 1486 554 1535 XXXVIH.,
591 1487 636 1535 9,
673 1486 846 1533 adlicere,
874 1486 962 1537 Iug.
991 1485 1151 1535 LXVI.,
1182 1487 1215 1524 1.
1270 1486 1325 1524 Ut
1351 1490 1434 1524 tum

190 1554 546 1605 pronuntiabantur,
575 1554 742 1605 scripsit:
772 1561 951 1604 temptare
978 1552 1063 1591 Cat.
1085 1552 1170 1601 VL,
1198 1554 1235 1601 4,
1262 1561 1436 1591 secuntur

189 1623 276 1673 Iug.
306 1622 374 1670 IL,
414 1624 458 1671 1,
495 1621 628 1660 cotidie
663 1621 750 1672 Iug.
778 1621 999 1669 XXXXV.,
1037 1622 1081 1669 2,
1118 1629 1313 1672 eoepectare
1348 1621 1433 1659 Cat.

189 1689 371 1738 XXXX„
400 1691 435 1737 3,
464 1688 651 1727 cotidiano
680 1688 765 1726 Cat.
793 1687 1078 1737 XXXXVIII.,
1107 1689 1142 1726 2.

294 1757 342 1793 In
368 1756 682 1794 declinationibus
710 1760 748 1793 et
774 1756 1105 1806 coniugationibus
1132 1756 1256 1793 minus
1284 1770 1307 1793 a
1334 1769 1433 1794 com-

191 1823 297 1861 muni
329 1822 480 1861 dicendi
503 1835 576 1860 usu
599 1822 754 1860 recedit.
799 1822 993 1860 Nonnulla
1020 1826 1147 1860 tamen
1165 1826 1299 1860 notatu
1318 1822 1435 1874 digna

190 1890 425 1928 indicamus:
474 1889 674 1927 Genitivus
693 1890 896 1940 singularis
923 1890 1125 1927 verborum
1152 1890 1342 1928 secundae
1369 1890 1434 1928 de-

192 1957 404 1996 clinationis
441 1957 480 1994 in
511 1980 555 1984 —
583 1957 642 1994 ias
671 1961 709 1994 et
740 1980 784 1984 -
813 1958 893 1994 ium
919 1956 1143 1995 exeuntium
1177 1969 1254 1995 non
1290 1957 1435 2008 duplex

196 2048 241 2053 —
270 2025 282 2062 i
314 2048 359 2053 —
386 2024 523 2063 habet:
565 2025 693 2076 inqeni
721 2023 806 2062 Cat.
834 2024 881 2072 I.,
918 2026 963 2072 3,
1001 2024 1128 2062 auoeili
1155 2024 1240 2063 Cat.
1269 2024 1433 2074 XXXI.,

191 2095 253 2140 29,
270 2092 386 2142 fures
413 2093 544 2129 aerari
571 2091 656 2129 Cat.
685 2091 798 2140 LII.,
837 2093 906 2139 12,
948 2091 1080 2129 consili
1106 2106 1260 2129 causam
1286 2093 1434 2142 aperire

191 2160 276 2199 Cat.
306 2158 472 2208 LVIII„
508 2160 543 2196 3.
599 2157 801 2197 Genitivus
827 2157 982 2210 pluralis
1010 2159 1145 2197 tertiae
1172 2159 1433 2198 declinationis

189 2228 395 2265 verborum
420 2228 460 2264 in
490 2250 535 2254 ——
561 2241 604 2263 as
632 2227 856 2264 exeuntium
883 2227 999 2264 etiam
1024 2226 1064 2263 in
1095 2250 1139 2254 —
1168 2228 1247 2264 ium
1273 2227 1432 2265 desinit:

192 2294 402 2332 civitatium
429 2292 671 2344 principibus
708 2291 793 2330 Cat.
829 2291 1020 2340 XXXX„
1058 2294 1093 2330 2.
1154 2293 1202 2330 In
1243 2294 1433 2332 nonnullis

188 2363 383 2401 vocabulis
405 2366 563 2413 quartae
582 2357 844 2400 declinationis
864 2361 1058 2412 antiquam
1086 2362 1245 2401 formam
1265 2361 1432 2401 Genitivi

189 2429 228 2466 in
260 2452 304 2457 --
332 2430 345 2467 i
373 2429 579 2468 desinentis
614 2433 737 2467 amat:
776 2428 926 2466 tumulti
962 2442 1077 2466 causa
1114 2429 1199 2468 Cat.
1227 2428 1357 2477 LIX„
1395 2430 1432 2478 5,
