1685 2878
753 275 798 280 m
829 252 879 292 35
909 275 954 280 ---

237 373 283 416 ἂν
315 377 450 426 μεῖζον
487 372 756 417 α’ντιπάθυιεν.
821 375 897 414 Ofr.
935 375 1030 423 VL,
1069 375 1130 413 24.
1193 375 1287 413 Post
1324 372 1472 423 πόλεις,

235 439 420 497 τριήρεις,
440 447 626 493 quatenus
641 442 797 491 incolae,
816 446 955 481 nautae
971 442 1198 493 cogitantur,
1220 442 1473 480 masculinum

234 510 430 562 reperitur.
459 510 536 549 Cfr.
552 510 598 559 Ι.,
622 512 656 559 7,
678 510 725 559 Ι.,
749 511 835 549 100.
861 510 1008 549 Eodem
1022 509 1135 548 modo
1152 509 1356 548 Sallustius
1373 513 1471 548 tran—

235 577 282 615 sit
301 590 324 615 a
339 577 490 615 civitate
504 577 553 615 ad
569 577 680 626 cives,
699 590 722 615 a
735 578 845 628 plebe
862 577 910 615 ad
925 578 1103 628 plebeios
1125 577 1204 615 Cfr.
1221 577 1305 615 Cat.
1321 577 1385 624 V„
1408 578 1469 614 31.

335 644 381 682 In
402 645 598 684 verborum
618 643 739 683 modis
758 657 906 683 summa
925 644 1086 683 varietas
1106 657 1223 695 quum
1250 656 1324 682 non
1346 644 1469 683 solum

233 716 401 749 transeat
436 711 662 749 indicativus
697 712 737 749 in
764 712 999 762 optativum,
1038 712 1317 749 coniunctivum
1355 716 1469 762 atque

232 777 411 826 invicem,
449 777 514 816 sed
543 777 657 816 ctiam
685 781 723 816 ot
748 776 953 815 infinitivus
980 778 1019 814 in
1046 777 1292 815 indicativum
1321 782 1358 815 et
1385 790 1469 828 par-

232 845 400 896 ticipium
429 845 465 882 in
492 846 649 883 verbum
676 844 837 883 finitum.
894 844 970 882 Off.
1007 844 1083 892 ΙΙ.,
1121 846 1192 892 80,
1230 844 1367 892 VIIL,
1406 846 1467 892 50,

232 911 318 960 IV„
354 913 417 960 92,
452 911 580 960 VIII.,
610 912 671 960 76,
699 911 745 959 L,
776 913 836 949 75.
893 911 1005 956 Quod
1033 911 1082 949 ad
1110 916 1280 962 tempora
1308 915 1467 961 spectat,

232 991 410 1029 praesens
429 978 466 1015 in
485 978 758 1029 imperfectum,
788 979 981 1026 aoristum,
1010 980 1180 1016 futurum
1204 978 1347 1016 transit.
1389 978 1466 1016 Cfr.

231 1044 338 1093 VIL,
375 1045 438 1093 44,
475 1045 543 1093 ΙΙ.,
573 1046 634 1093 69,
660 1044 728 1093 ΙΙ.,
758 1046 818 1082 44.
875 1044 1009 1095 Neque
1038 1044 1283 1096 Thucydides
1311 1045 1466 1083 evitavit

231 1124 343 1150 usum
379 1111 642 1150 adverbiorum
679 1125 746 1162 pro
783 1112 976 1150 adiectivis
1012 1125 1098 1150 cuni
1135 1112 1257 1150 verbis
1296 1108 1397 1152 εἷιῗαι
1431 1119 1468 1150 et

231 1178 457 1230 γίγνεσθαι,
494 1178 564 1216 etsi
601 1191 646 1216 ea
680 1178 797 1216 verba
833 1179 991 1229 copulae
1028 1182 1127 1216 sunt.
1182 1178 1356 1217 Invenies
1393 1191 1467 1216 non

230 1246 354 1283 solum
380 1246 418 1282 in
438 1245 637 1292 adverbiis,
666 1259 686 1283 e
714 1246 849 1296 quibus
877 1245 1064 1284 adiectiva
1092 1245 1253 1284 derivari
1280 1258 1356 1283 non
1383 1259 1466 1297 pos-

231 1311 306 1349 sint
333 1312 415 1363 (cfr.
443 1311 579 1350 Matth.
609 1311 675 1349 Gr.
703 1325 792 1363 pag.
822 1313 895 1349 427
926 1316 963 1350 et
991 1313 1082 1360 889)
1113 1317 1156 1350 ut
1183 1313 1297 1362 δίχα,
1334 1313 1465 1366 χωρίς,

231 1378 299 1416 sed
326 1378 440 1417 etiam
466 1378 553 1426 IV„
584 1380 643 1426 10,
673 1380 821 1429 ῥαδίως
846 1380 900 1418 ita
927 1380 1110 1418 adhibuit.
1153 1380 1215 1418 Ita
1243 1379 1465 1418 Sallustius:

207 1440 209 1443 ¹
232 1445 316 1483 Cat.
344 1445 469 1494 XXI.,
499 1447 532 1483 1.
587 1445 691 1484 Mala
718 1447 869 1485 abunde
898 1447 1024 1484 onmia
1051 1451 1169 1484 erant.
1224 1446 1311 1497 Iug.
1339 1446 1465 1494 XIV„

232 1514 293 1550 11.
349 1512 481 1551 Ubivis
518 1513 636 1551 tutius
668 1526 782 1565 quam
818 1514 856 1551 in
892 1526 975 1552 meo
1003 1526 1119 1564 regno
1148 1526 1282 1551 essem.
1336 1513 1465 1564 Atque

233 1578 391 1617 Tacitus
418 1579 518 1617 Anu.
548 1580 603 1627 L,
642 1582 711 1618 72:
738 1581 859 1619 Facta
887 1582 1155 1632 arguebantur,
1184 1581 1286 1619 dicta
1311 1581 1465 1631 impune

230 1651 349 1685 erant.
382 1669 427 1675 —
455 1647 760 1698 Praepositiones
788 1661 900 1699 saepe
928 1651 1135 1685 mutantur.
1180 1647 1225 1691 L,
1255 1648 1330 1685 38.v
1363 1645 1464 1689 Οὔτε

230 1713 332 1766 πρὸς
349 1713 443 1760 τὸυς
463 1712 615 1761 ἄλλους,
641 1712 730 1754 οὔτε
757 1715 797 1761 ἐς
815 1708 920 1767 ’ἡμᾶς
938 1716 1085 1754 τοιοίδε
1105 1715 1193 1754 εἰσι.
1221 1715 1266 1762 L,
1298 1717 1331 1751 1.
1364 1711 1462 1755 Οὔτε

229 1776 329 1820 κατά
355 1796 398 1820 ἰε
424 1780 492 1821 τὸν
517 1777 690 1831 πόλεμον
717 1779 807 1821 οὔτε
828 1781 869 1825 ἐς
890 1780 940 1821 τὰ
966 1778 1081 1821 ἄλλα.

330 1846 565 1885 Brevitatem
594 1847 810 1898 Thucydidi
838 1848 1027 1898 propriam
1064 1862 1146 1886 esse
1174 1854 1318 1885 veteres
1346 1848 1463 1885 critici

228 1918 343 1965 atquc
373 1914 610 1965 grammatici
638 1914 728 1952 satis
755 1914 1113 1952 animadverterunt.
1167 1914 1293 1962 Iuvat,
1330 1914 1462 1951 ceteris

228 1981 375 2019 omissis
404 1980 594 2019 Ciceronis
623 1986 660 2020 et
690 1981 911 2026 Quintiliani
938 1982 1079 2021 iudicia
1105 1981 1272 2029 laudare,
1301 1994 1462 2032 quorum

226 2047 329 2098 prior
354 2047 407 2085 ita
434 2047 623 2098 loquitur:
656 2047 703 2086 de
732 2047 836 2086 Orat.
864 2048 932 2096 ΙΙ.,
962 2050 1022 2085 13.
1082 2048 1312 2098 'I'hucydides
1340 2062 1462 2085 omnes

226 2114 375 2152 dicendi
401 2115 560 2165 arttflcio
588 2130 669 2153 ‘mea
693 2117 873 2153 sententia
890 2115 1014 2166 facile
1043 2117 1137 2160 vicit,
1167 2116 1231 2167 qui
1257 2116 1312 2153 ita
1339 2116 1463 2153 creber

228 2188 279 2218 est
309 2195 433 2218 rer'mn
460 2181 700 2232 frequentia,
739 2190 779 2219 ut
805 2182 996 2220 verborum
1018 2196 1136 2232 prope
1163 2197 1357 2220 numerum
1383 2197 1461 2220 sen-

227 2249 428 2285 tentiarum
454 2263 608 2287 numero
635 2257 899 2300 coneequatum
926 2235 981 2286 iia
999 2263 1118 2299 porro
1148 2249 1265 2287 verbis
1291 2257 1402 2300 aptus
1429 2257 1462 2287 et

220 2328 382 2365 precem,
411 2323 451 2352 ut
471 2317 624 2359 nescias,
653 2302 779 2353 utrum
796 2329 853 2352 res
873 2316 1048 2360 oratione,
1077 2329 1128 2351 an
1149 2315 1256 2352 verba
1273 2317 1461 2353 sententiis

227 2382 471 2425 illustrentur.
519 2370 611 2434 Cap.
631 2382 777 2432 XXII.,
805 2382 959 2421 eundem
980 2382 1147 2434 appellat
1166 2382 1345 2428 subtilem,
1374 2397 1459 2420 acu-

227 2457 303 2487 tum
311 2478 325 2496 2
363 2450 503 2488 brevem
540 2458 571 2488 et
608 2450 650 2489 ob
686 2464 768 2488 eam
795 2464 947 2489 causam
974 2450 1161 2488 interdum
1186 2450 1458 2488 subobscurum.
