<?xml version="1.0" encoding="UTF-8"?>
<!DOCTYPE html PUBLIC "-//W3C//DTD XHTML 1.0 Transitional//EN"
    "http://www.w3.org/TR/xhtml1/DTD/xhtml1-transitional.dtd">
<html xmlns="http://www.w3.org/1999/xhtml" xml:lang="en" lang="en">
 <head>
  <title>
</title>
<meta http-equiv="Content-Type" content="text/html;charset=utf-8" />
  <meta name='ocr-system' content='tesseract 3.04.00' />
  <meta name='ocr-capabilities' content='ocr_page ocr_carea ocr_par ocr_line ocrx_word'/>
</head>
<body>
  <div class='ocr_page' id='page_1' title='image "./4630401_0030.png"; bbox 0 0 1685 2878; ppageno 0'>
   <div class='ocr_carea' id='block_1_1' title="bbox 740 229 947 274">
    <p class='ocr_par' dir='ltr' id='par_1_1' title="bbox 740 229 947 274">
     <span class='ocr_line' id='line_1_1' title="bbox 740 229 947 274; baseline 0 -11"><span class='ocrx_word' id='word_1_1' title='bbox 740 229 947 274; x_wconf 49' lang='lat'><em>„24-</em></span> 
     </span>
    </p>
   </div>
   <div class='ocr_carea' id='block_1_2' title="bbox 160 357 1466 2415">
    <p class='ocr_par' dir='ltr' id='par_1_2' title="bbox 160 357 1466 880">
     <span class='ocr_line' id='line_1_2' title="bbox 160 357 1466 410; baseline -0.001 -15"><span class='ocrx_word' id='word_1_2' title='bbox 160 378 162 380; x_wconf 90' lang='lat'>·</span> <span class='ocrx_word' id='word_1_3' title='bbox 219 357 429 406; x_wconf 65' lang='lat' dir='ltr'><em>XXXIII„</em></span> <span class='ocrx_word' id='word_1_4' title='bbox 454 360 488 395; x_wconf 93' lang='lat'><em>1.</em></span> <span class='ocrx_word' id='word_1_5' title='bbox 532 357 630 396; x_wconf 79' lang='lat' dir='ltr'><em>Deos</em></span> <span class='ocrx_word' id='word_1_6' title='bbox 650 357 883 409; x_wconf 77' lang='lat' dir='ltr'><em>hominesque</em></span> <span class='ocrx_word' id='word_1_7' title='bbox 912 365 1099 403; x_wconf 72' lang='lat' dir='ltr'><em>testamur,</em></span> <span class='ocrx_word' id='word_1_8' title='bbox 1131 371 1197 394; x_wconf 86' lang='lat' dir='ltr'><em>nos</em></span> <span class='ocrx_word' id='word_1_9' title='bbox 1221 372 1331 395; x_wconf 84' lang='lat' dir='ltr'><em>arma</em></span> <span class='ocrx_word' id='word_1_10' title='bbox 1349 370 1466 410; x_wconf 74' lang='lat' dir='ltr'><em>neque</em></span> 
     </span>
     <span class='ocr_line' id='line_1_3' title="bbox 221 424 1464 477; baseline 0.001 -15"><span class='ocrx_word' id='word_1_11' title='bbox 221 433 352 463; x_wconf 71' lang='lat' dir='ltr'><em>eontra</em></span> <span class='ocrx_word' id='word_1_12' title='bbox 373 427 547 476; x_wconf 76' lang='lat' dir='ltr'><em>patriam</em></span> <span class='ocrx_word' id='word_1_13' title='bbox 576 426 731 476; x_wconf 75' lang='lat' dir='ltr'><em>cepisse,</em></span> <span class='ocrx_word' id='word_1_14' title='bbox 771 440 886 477; x_wconf 81' lang='lat' dir='ltr'><em>nequ-e</em></span> <span class='ocrx_word' id='word_1_15' title='bbox 913 440 983 477; x_wconf 80' lang='lat' dir='ltr'><em>quo</em></span> <span class='ocrx_word' id='word_1_16' title='bbox 1002 424 1220 476; x_wconf 79' lang='lat' dir='ltr'><em>periculum</em></span> <span class='ocrx_word' id='word_1_17' title='bbox 1247 424 1338 463; x_wconf 82' lang='lat' dir='ltr'><em>aliis</em></span> <span class='ocrx_word' id='word_1_18' title='bbox 1354 424 1464 475; x_wconf 84' lang='lat' dir='ltr'><em>face-</em></span> 
     </span>
     <span class='ocr_line' id='line_1_4' title="bbox 218 492 1466 543; baseline 0.001 -15"><span class='ocrx_word' id='word_1_19' title='bbox 218 507 354 532; x_wconf 83' lang='lat' dir='ltr'><em>remus.</em></span> <span class='ocrx_word' id='word_1_20' title='bbox 398 493 485 542; x_wconf 87' lang='lat' dir='ltr'><em>Iug.</em></span> <span class='ocrx_word' id='word_1_21' title='bbox 514 492 561 540; x_wconf 87' lang='lat' dir='ltr'><em>I.,</em></span> <span class='ocrx_word' id='word_1_22' title='bbox 591 494 625 529; x_wconf 89' lang='grc'><em>2.</em></span> <span class='ocrx_word' id='word_1_23' title='bbox 670 492 894 542; x_wconf 79' lang='lat' dir='ltr'><em>Reputando</em></span> <span class='ocrx_word' id='word_1_24' title='bbox 922 506 1037 543; x_wconf 82' lang='lat' dir='ltr'><em>neque</em></span> <span class='ocrx_word' id='word_1_25' title='bbox 1064 493 1188 529; x_wconf 85' lang='lat' dir='ltr'><em>maius</em></span> <span class='ocrx_word' id='word_1_26' title='bbox 1215 492 1327 529; x_wconf 87' lang='lat' dir='ltr'><em>aliud</em></span> <span class='ocrx_word' id='word_1_27' title='bbox 1351 506 1466 543; x_wconf 83' lang='lat' dir='ltr'><em>neque</em></span> 
     </span>
     <span class='ocr_line' id='line_1_5' title="bbox 212 558 1464 611; baseline 0 -16"><span class='ocrx_word' id='word_1_28' title='bbox 212 560 483 609; x_wconf 76' lang='lat' dir='ltr'><em>praestabilius</em></span> <span class='ocrx_word' id='word_1_29' title='bbox 510 561 702 606; x_wconf 78' lang='lat' dir='ltr'><em>invenias,</em></span> <span class='ocrx_word' id='word_1_30' title='bbox 741 561 933 611; x_wconf 70' lang='lat' dir='ltr'><em>nzayisque</em></span> <span class='ocrx_word' id='word_1_31' title='bbox 959 567 1121 597; x_wconf 83' lang='lat' dir='ltr'><em>naturae</em></span> <span class='ocrx_word' id='word_1_32' title='bbox 1149 558 1377 596; x_wconf 75' lang='lat' dir='ltr'><em>industriam</em></span> <span class='ocrx_word' id='word_1_33' title='bbox 1405 558 1464 596; x_wconf 79' lang='lat' dir='ltr'><em>bo-</em></span> 
     </span>
     <span class='ocr_line' id='line_1_6' title="bbox 219 625 1462 679; baseline 0.001 -17"><span class='ocrx_word' id='word_1_34' title='bbox 219 628 363 663; x_wconf 82' lang='lat' dir='ltr'><em>minum</em></span> <span class='ocrx_word' id='word_1_35' title='bbox 400 641 511 679; x_wconf 78' lang='lat' dir='ltr'><em>quam</em></span> <span class='ocrx_word' id='word_1_36' title='bbox 546 628 621 664; x_wconf 84' lang='lat' dir='ltr'><em>vim</em></span> <span class='ocrx_word' id='word_1_37' title='bbox 657 634 723 663; x_wconf 82' lang='lat' dir='ltr'><em>aut</em></span> <span class='ocrx_word' id='word_1_38' title='bbox 760 634 900 677; x_wconf 78' lang='lat' dir='ltr'><em>tempus</em></span> <span class='ocrx_word' id='word_1_39' title='bbox 937 626 1067 664; x_wconf 80' lang='lat' dir='ltr'><em>deesse.</em></span> <span class='ocrx_word' id='word_1_40' title='bbox 1121 625 1209 677; x_wconf 86' lang='lat' dir='ltr'><em>Iug.</em></span> <span class='ocrx_word' id='word_1_41' title='bbox 1239 625 1387 674; x_wconf 82' lang='lat' dir='ltr'><strong>LXV.‚</strong></span> <span class='ocrx_word' id='word_1_42' title='bbox 1427 626 1462 663; x_wconf 81' lang='lat'><em>2.</em></span> 
     </span>
     <span class='ocr_line' id='line_1_7' title="bbox 224 693 1465 746; baseline -0.002 -14"><span class='ocrx_word' id='word_1_43' title='bbox 224 693 296 732; x_wconf 82' lang='lat' dir='ltr'><em>C&#39;ui</em></span> <span class='ocrx_word' id='word_1_44' title='bbox 315 694 485 732; x_wconf 77' lang='lat' dir='ltr'><em>Metellus</em></span> <span class='ocrx_word' id='word_1_45' title='bbox 500 696 649 745; x_wconf 77' lang='lat' dir='ltr'><em>petenti,</em></span> <span class='ocrx_word' id='word_1_46' title='bbox 677 709 778 732; x_wconf 82' lang='lat' dir='ltr'><em>more</em></span> <span class='ocrx_word' id='word_1_47' title='bbox 808 709 936 746; x_wconf 70' lang='lat' dir='ltr'><em>requon</em></span> <span class='ocrx_word' id='word_1_48' title='bbox 963 702 1003 731; x_wconf 87' lang='lat' dir='ltr'><em>ut</em></span> <span class='ocrx_word' id='word_1_49' title='bbox 1022 694 1154 732; x_wconf 83' lang='lat' dir='ltr'><em>sellam</em></span> <span class='ocrx_word' id='word_1_50' title='bbox 1174 695 1285 732; x_wconf 67' lang='lat' dir='ltr'><em>iuoeta</em></span> <span class='ocrx_word' id='word_1_51' title='bbox 1301 701 1465 744; x_wconf 82' lang='lat' dir='ltr'><em>poneret,</em></span> 
     </span>
     <span class='ocr_line' id='line_1_8' title="bbox 220 762 1465 813; baseline 0.001 -17"><span class='ocrx_word' id='word_1_52' title='bbox 220 762 306 797; x_wconf 82' lang='lat' dir='ltr'><em>item</em></span> <span class='ocrx_word' id='word_1_53' title='bbox 326 769 460 812; x_wconf 78' lang='lat' dir='ltr'><em>postea</em></span> <span class='ocrx_word' id='word_1_54' title='bbox 487 762 674 798; x_wconf 65' lang='lat' dir='ltr'><em>custodiae</em></span> <span class='ocrx_word' id='word_1_55' title='bbox 708 775 823 798; x_wconf 81' lang='lat' dir='ltr'><em>causa</em></span> <span class='ocrx_word' id='word_1_56' title='bbox 853 770 1013 798; x_wconf 82' lang='lat' dir='ltr'><em>turmam</em></span> <span class='ocrx_word' id='word_1_57' title='bbox 1050 763 1231 813; x_wconf 82' lang='lat' dir='ltr'><em>equitum,</em></span> <span class='ocrx_word' id='word_1_58' title='bbox 1269 769 1465 812; x_wconf 82' lang='lat' dir='ltr'><em>utrumque</em></span> 
     </span>
     <span class='ocr_line' id='line_1_9' title="bbox 220 837 430 880; baseline 0.01 -16"><span class='ocrx_word' id='word_1_59' title='bbox 220 837 430 880; x_wconf 70' lang='lat' dir='ltr'><em>neyaverat.</em></span> 
     </span>
    </p>

    <p class='ocr_par' dir='ltr' id='par_1_3' title="bbox 220 895 1463 1347">
     <span class='ocr_line' id='line_1_10' title="bbox 324 895 1463 947; baseline 0.001 -15"><span class='ocrx_word' id='word_1_60' title='bbox 324 896 371 933; x_wconf 92' lang='lat' dir='ltr'><em>In</em></span> <span class='ocrx_word' id='word_1_61' title='bbox 400 900 614 946; x_wconf 87' lang='lat' dir='ltr'><em>temporum</em></span> <span class='ocrx_word' id='word_1_62' title='bbox 642 908 794 946; x_wconf 86' lang='lat' dir='ltr'><em>quoque</em></span> <span class='ocrx_word' id='word_1_63' title='bbox 823 896 1094 947; x_wconf 75' lang='lat' dir='ltr'><em>compositione</em></span> <span class='ocrx_word' id='word_1_64' title='bbox 1122 909 1271 933; x_wconf 86' lang='lat' dir='ltr'><em>summa</em></span> <span class='ocrx_word' id='word_1_65' title='bbox 1297 895 1463 933; x_wconf 84' lang='lat' dir='ltr'><em>varietas</em></span> 
     </span>
     <span class='ocr_line' id='line_1_11' title="bbox 220 962 1463 1014; baseline -0.001 -13"><span class='ocrx_word' id='word_1_66' title='bbox 220 968 278 1001; x_wconf 78' lang='lat' dir='ltr'><em>ost</em></span> <span class='ocrx_word' id='word_1_67' title='bbox 306 962 434 1014; x_wconf 82' lang='lat' dir='ltr'><em>(Conf.</em></span> <span class='ocrx_word' id='word_1_68' title='bbox 466 962 550 1001; x_wconf 86' lang='lat' dir='ltr'><em>Cat.</em></span> <span class='ocrx_word' id='word_1_69' title='bbox 579 962 682 1011; x_wconf 66' lang='lat' dir='ltr'><em>XX„</em></span> <span class='ocrx_word' id='word_1_70' title='bbox 713 964 757 1012; x_wconf 79' lang='lat'><em>13</em></span> <span class='ocrx_word' id='word_1_71' title='bbox 786 962 874 1014; x_wconf 87' lang='lat' dir='ltr'><em>Iug.</em></span> <span class='ocrx_word' id='word_1_72' title='bbox 896 962 1003 1011; x_wconf 88' lang='lat' dir='ltr'><strong>XII.‚</strong></span> <span class='ocrx_word' id='word_1_73' title='bbox 1032 965 1077 1011; x_wconf 84' lang='lat'><em>43</em></span> <span class='ocrx_word' id='word_1_74' title='bbox 1106 963 1195 1013; x_wconf 87' lang='lat' dir='ltr'><em>Iug.</em></span> <span class='ocrx_word' id='word_1_75' title='bbox 1222 962 1386 1010; x_wconf 64' lang='lat' dir='ltr'><strong>XXVI„</strong></span> <span class='ocrx_word' id='word_1_76' title='bbox 1416 963 1463 1011; x_wconf 81' lang='lat'><em>33</em></span> 
     </span>
     <span class='ocr_line' id='line_1_12' title="bbox 220 1029 1463 1080; baseline 0 -13"><span class='ocrx_word' id='word_1_77' title='bbox 220 1030 308 1080; x_wconf 86' lang='lat' dir='ltr'><em>Iug.</em></span> <span class='ocrx_word' id='word_1_78' title='bbox 328 1029 410 1077; x_wconf 67' lang='lat' dir='ltr'><em>IL„</em></span> <span class='ocrx_word' id='word_1_79' title='bbox 441 1030 494 1078; x_wconf 88' lang='lat'><em>1),</em></span> <span class='ocrx_word' id='word_1_80' title='bbox 523 1030 589 1067; x_wconf 88' lang='lat' dir='ltr'><em>sed</em></span> <span class='ocrx_word' id='word_1_81' title='bbox 612 1030 708 1067; x_wconf 87' lang='lat' dir='ltr'><em>hanc</em></span> <span class='ocrx_word' id='word_1_82' title='bbox 727 1034 895 1067; x_wconf 87' lang='lat' dir='ltr'><em>nostram</em></span> <span class='ocrx_word' id='word_1_83' title='bbox 915 1034 1063 1080; x_wconf 86' lang='lat' dir='ltr'><em>partem</em></span> <span class='ocrx_word' id='word_1_84' title='bbox 1090 1029 1233 1067; x_wconf 85' lang='lat' dir='ltr'><em>finituri</em></span> <span class='ocrx_word' id='word_1_85' title='bbox 1253 1041 1463 1076; x_wconf 70' lang='lat' dir='ltr'><em>monemu8‚</em></span> 
     </span>
     <span class='ocr_line' id='line_1_13' title="bbox 220 1095 1463 1148; baseline -0.001 -14"><span class='ocrx_word' id='word_1_86' title='bbox 220 1110 268 1134; x_wconf 85' lang='lat' dir='ltr'><em>ne</em></span> <span class='ocrx_word' id='word_1_87' title='bbox 307 1097 392 1147; x_wconf 88' lang='lat' dir='ltr'><em>quis</em></span> <span class='ocrx_word' id='word_1_88' title='bbox 421 1096 591 1135; x_wconf 80' lang='lat' dir='ltr'><strong>Sallustii</strong></span> <span class='ocrx_word' id='word_1_89' title='bbox 617 1097 741 1135; x_wconf 78' lang='lat' dir='ltr'><em>varias</em></span> <span class='ocrx_word' id='word_1_90' title='bbox 776 1097 977 1136; x_wconf 85' lang='lat' dir='ltr'><em>verborum</em></span> <span class='ocrx_word' id='word_1_91' title='bbox 1006 1101 1215 1135; x_wconf 76' lang='lat' dir='ltr'><em>structuras</em></span> <span class='ocrx_word' id='word_1_92' title='bbox 1255 1109 1322 1148; x_wconf 88' lang='lat' dir='ltr'><em>pro</em></span> <span class='ocrx_word' id='word_1_93' title='bbox 1361 1095 1463 1135; x_wconf 85' lang='lat' dir='ltr'><em>inani</em></span> 
     </span>
     <span class='ocr_line' id='line_1_14' title="bbox 220 1164 1463 1214; baseline 0.001 -15"><span class='ocrx_word' id='word_1_94' title='bbox 220 1168 441 1201; x_wconf 87' lang='lat' dir='ltr'><em>ornamento</em></span> <span class='ocrx_word' id='word_1_95' title='bbox 469 1164 620 1211; x_wconf 77' lang='lat' dir='ltr'><em>habeat,</em></span> <span class='ocrx_word' id='word_1_96' title='bbox 649 1177 767 1213; x_wconf 93' lang='lat' dir='ltr'><em>quum</em></span> <span class='ocrx_word' id='word_1_97' title='bbox 796 1168 833 1201; x_wconf 88' lang='lat' dir='ltr'><em>et</em></span> <span class='ocrx_word' id='word_1_98' title='bbox 861 1165 902 1200; x_wconf 94' lang='lat' dir='ltr'><em>in</em></span> <span class='ocrx_word' id='word_1_99' title='bbox 927 1165 1018 1214; x_wconf 86' lang='lat' dir='ltr'><em>ipsis</em></span> <span class='ocrx_word' id='word_1_100' title='bbox 1044 1164 1169 1201; x_wconf 87' lang='lat' dir='ltr'><em>verbis</em></span> <span class='ocrx_word' id='word_1_101' title='bbox 1197 1168 1235 1201; x_wconf 85' lang='lat' dir='ltr'><em>et</em></span> <span class='ocrx_word' id='word_1_102' title='bbox 1267 1164 1305 1200; x_wconf 91' lang='lat' dir='ltr'><em>in</em></span> <span class='ocrx_word' id='word_1_103' title='bbox 1333 1176 1463 1200; x_wconf 89' lang='lat' dir='ltr'><em>eorum</em></span> 
     </span>
     <span class='ocr_line' id='line_1_15' title="bbox 220 1230 1463 1281; baseline 0 -14"><span class='ocrx_word' id='word_1_104' title='bbox 220 1234 412 1268; x_wconf 77' lang='lat' dir='ltr'><em>structura</em></span> <span class='ocrx_word' id='word_1_105' title='bbox 450 1230 691 1281; x_wconf 82' lang='lat' dir='ltr'><em>proprietatis</em></span> <span class='ocrx_word' id='word_1_106' title='bbox 729 1230 776 1268; x_wconf 93' lang='lat' dir='ltr'><em>sit</em></span> <span class='ocrx_word' id='word_1_107' title='bbox 810 1230 1108 1268; x_wconf 81' lang='lat' dir='ltr'><em>studiosissimus</em></span> <span class='ocrx_word' id='word_1_108' title='bbox 1145 1243 1286 1280; x_wconf 79' lang='lat' dir='ltr'><em>easque</em></span> <span class='ocrx_word' id='word_1_109' title='bbox 1324 1230 1463 1267; x_wconf 79' lang='lat' dir='ltr'><em>formas</em></span> 
     </span>
     <span class='ocr_line' id='line_1_16' title="bbox 220 1297 1155 1347; baseline 0.001 -14"><span class='ocrx_word' id='word_1_110' title='bbox 220 1297 390 1347; x_wconf 73' lang='lat' dir='ltr'><em>clegerit,</em></span> <span class='ocrx_word' id='word_1_111' title='bbox 419 1309 518 1346; x_wconf 85' lang='lat' dir='ltr'><em>quae</em></span> <span class='ocrx_word' id='word_1_112' title='bbox 547 1297 722 1347; x_wconf 86' lang='lat' dir='ltr'><em>cogitatis</em></span> <span class='ocrx_word' id='word_1_113' title='bbox 751 1297 891 1346; x_wconf 89' lang='lat' dir='ltr'><em>optime</em></span> <span class='ocrx_word' id='word_1_114' title='bbox 919 1297 1155 1334; x_wconf 83' lang='lat' dir='ltr'><em>conveniant.</em></span> 
     </span>
    </p>

    <p class='ocr_par' dir='ltr' id='par_1_4' title="bbox 214 1362 1464 2415">
     <span class='ocr_line' id='line_1_17' title="bbox 324 1362 1462 1413; baseline 0.001 -13"><span class='ocrx_word' id='word_1_115' title='bbox 324 1362 555 1400; x_wconf 83' lang='lat' dir='ltr'><em>Sallustiana</em></span> <span class='ocrx_word' id='word_1_116' title='bbox 576 1363 742 1411; x_wconf 80' lang='lat' dir='ltr'><em>brivitas,</em></span> <span class='ocrx_word' id='word_1_117' title='bbox 770 1376 868 1413; x_wconf 88' lang='lat' dir='ltr'><em>quae</em></span> <span class='ocrx_word' id='word_1_118' title='bbox 897 1375 996 1401; x_wconf 86' lang='lat' dir='ltr'><em>nunc</em></span> <span class='ocrx_word' id='word_1_119' title='bbox 1017 1362 1214 1401; x_wconf 79' lang='lat' dir='ltr'><em>tractanda</em></span> <span class='ocrx_word' id='word_1_120' title='bbox 1240 1367 1309 1411; x_wconf 83' lang='lat' dir='ltr'><em>est,</em></span> <span class='ocrx_word' id='word_1_121' title='bbox 1336 1363 1462 1401; x_wconf 84' lang='lat' dir='ltr'><em>nescio</em></span> 
     </span>
     <span class='ocr_line' id='line_1_18' title="bbox 219 1429 1463 1480; baseline -0.001 -13"><span class='ocrx_word' id='word_1_122' title='bbox 219 1443 267 1467; x_wconf 84' lang='lat' dir='ltr'><em>an</em></span> <span class='ocrx_word' id='word_1_123' title='bbox 292 1430 481 1467; x_wconf 87' lang='lat' dir='ltr'><em>neminem</em></span> <span class='ocrx_word' id='word_1_124' title='bbox 504 1430 638 1467; x_wconf 83' lang='lat' dir='ltr'><em>leviter</em></span> <span class='ocrx_word' id='word_1_125' title='bbox 660 1434 810 1467; x_wconf 85' lang='lat' dir='ltr'><em>tantum</em></span> <span class='ocrx_word' id='word_1_126' title='bbox 838 1430 921 1467; x_wconf 86' lang='lat' dir='ltr'><em>eius</em></span> <span class='ocrx_word' id='word_1_127' title='bbox 944 1430 1056 1467; x_wconf 87' lang='lat' dir='ltr'><em>libros</em></span> <span class='ocrx_word' id='word_1_128' title='bbox 1081 1430 1342 1480; x_wconf 84' lang='lat' dir='ltr'><em>inspicientem</em></span> <span class='ocrx_word' id='word_1_129' title='bbox 1366 1429 1463 1467; x_wconf 87' lang='lat' dir='ltr'><em>effu-</em></span> 
     </span>
     <span class='ocr_line' id='line_1_19' title="bbox 218 1496 1463 1547; baseline -0.001 -13"><span class='ocrx_word' id='word_1_130' title='bbox 218 1509 310 1547; x_wconf 81' lang='lat' dir='ltr'><em>gere</em></span> <span class='ocrx_word' id='word_1_131' title='bbox 336 1497 467 1547; x_wconf 88' lang='lat' dir='ltr'><em>possit.</em></span> <span class='ocrx_word' id='word_1_132' title='bbox 523 1496 607 1534; x_wconf 88' lang='lat' dir='ltr'><em>Iam</em></span> <span class='ocrx_word' id='word_1_133' title='bbox 634 1501 782 1534; x_wconf 84' lang='lat' dir='ltr'><em>veteres</em></span> <span class='ocrx_word' id='word_1_134' title='bbox 820 1509 905 1534; x_wconf 86' lang='lat' dir='ltr'><em>eam</em></span> <span class='ocrx_word' id='word_1_135' title='bbox 933 1496 1104 1535; x_wconf 80' lang='lat' dir='ltr'><em>certatim</em></span> <span class='ocrx_word' id='word_1_136' title='bbox 1134 1497 1230 1534; x_wconf 91' lang='lat' dir='ltr'><em>alius</em></span> <span class='ocrx_word' id='word_1_137' title='bbox 1268 1496 1341 1534; x_wconf 90' lang='lat' dir='ltr'><em>alio</em></span> <span class='ocrx_word' id='word_1_138' title='bbox 1380 1497 1463 1534; x_wconf 86' lang='lat' dir='ltr'><em>loco</em></span> 
     </span>
     <span class='ocr_line' id='line_1_20' title="bbox 220 1563 1464 1613; baseline 0 -13"><span class='ocrx_word' id='word_1_139' title='bbox 220 1564 436 1613; x_wconf 72' lang='lat' dir='ltr'><em>elegantius</em></span> <span class='ocrx_word' id='word_1_140' title='bbox 476 1564 653 1601; x_wconf 85' lang='lat' dir='ltr'><em>maximis</em></span> <span class='ocrx_word' id='word_1_141' title='bbox 691 1563 869 1601; x_wconf 87' lang='lat' dir='ltr'><em>laudibus</em></span> <span class='ocrx_word' id='word_1_142' title='bbox 909 1563 1110 1601; x_wconf 85' lang='lat' dir='ltr'><em>celebrant.</em></span> <span class='ocrx_word' id='word_1_143' title='bbox 1177 1563 1275 1601; x_wconf 88' lang='lat' dir='ltr'><em>Aliis</em></span> <span class='ocrx_word' id='word_1_144' title='bbox 1316 1563 1464 1600; x_wconf 86' lang='lat' dir='ltr'><em>omissis</em></span> 
     </span>
     <span class='ocr_line' id='line_1_21' title="bbox 216 1629 1464 1677; baseline -0.001 -10"><span class='ocrx_word' id='word_1_145' title='bbox 216 1629 343 1667; x_wconf 87' lang='lat' dir='ltr'><em>Aulus</em></span> <span class='ocrx_word' id='word_1_146' title='bbox 371 1629 518 1667; x_wconf 82' lang='lat' dir='ltr'><em>Gellius</em></span> <span class='ocrx_word' id='word_1_147' title='bbox 545 1629 674 1667; x_wconf 89' lang='lat' dir='ltr'><em>Noctt.</em></span> <span class='ocrx_word' id='word_1_148' title='bbox 703 1629 786 1667; x_wconf 87' lang='lat' dir='ltr'><em>Att.</em></span> <span class='ocrx_word' id='word_1_149' title='bbox 825 1629 923 1677; x_wconf 92' lang='grc' dir='ltr'>ΙΙΙ.,</span> <span class='ocrx_word' id='word_1_150' title='bbox 962 1631 1004 1677; x_wconf 94' lang='grc'><em>1,</em></span> <span class='ocrx_word' id='word_1_151' title='bbox 1042 1642 1130 1667; x_wconf 84' lang='lat' dir='ltr'><em>eum</em></span> <span class='ocrx_word' id='word_1_152' title='bbox 1160 1629 1464 1677; x_wconf 81' lang='lat' dir='ltr'><em>„subtilissimum</em></span> 
     </span>
     <span class='ocr_line' id='line_1_22' title="bbox 217 1696 1461 1746; baseline 0.001 -13"><span class='ocrx_word' id='word_1_153' title='bbox 217 1697 407 1733; x_wconf 70' lang='lat' dir='ltr'><em>brevitatis</em></span> <span class='ocrx_word' id='word_1_154' title='bbox 426 1696 630 1746; x_wconf 70' lang='lat' dir='ltr'><em>a2·t2ficem“</em></span> <span class='ocrx_word' id='word_1_155' title='bbox 654 1696 756 1734; x_wconf 86' lang='lat' dir='ltr'><em>dicit.</em></span> <span class='ocrx_word' id='word_1_156' title='bbox 807 1697 1063 1740; x_wconf 86' lang='lat' dir='ltr'><em>Quintilianus</em></span> <span class='ocrx_word' id='word_1_157' title='bbox 1087 1697 1208 1734; x_wconf 85' lang='lat' dir='ltr'><em>tribus</em></span> <span class='ocrx_word' id='word_1_158' title='bbox 1226 1697 1338 1734; x_wconf 84' lang='lat' dir='ltr'><em>locis:</em></span> <span class='ocrx_word' id='word_1_159' title='bbox 1367 1696 1461 1734; x_wconf 86' lang='lat' dir='ltr'><em>Inst.</em></span> 
     </span>
     <span class='ocr_line' id='line_1_23' title="bbox 216 1762 1463 1815; baseline -0.002 -14"><span class='ocrx_word' id='word_1_160' title='bbox 216 1763 330 1801; x_wconf 79' lang='lat' dir='ltr'><em>Rhot.</em></span> <span class='ocrx_word' id='word_1_161' title='bbox 359 1763 423 1811; x_wconf 59' lang='lat' dir='ltr'><em>X„</em></span> <span class='ocrx_word' id='word_1_162' title='bbox 455 1764 489 1800; x_wconf 95' lang='lat'><em>1.</em></span> <span class='ocrx_word' id='word_1_163' title='bbox 542 1762 671 1815; x_wconf 78' lang='lat' dir='ltr'><em>Neque</em></span> <span class='ocrx_word' id='word_1_164' title='bbox 698 1763 769 1800; x_wconf 88' lang='lat' dir='ltr'><em>illa</em></span> <span class='ocrx_word' id='word_1_165' title='bbox 798 1762 1038 1801; x_wconf 74' lang='lat' dir='ltr'><em>Sallustiana</em></span> <span class='ocrx_word' id='word_1_166' title='bbox 1066 1763 1235 1809; x_wconf 77' lang='lat' dir='ltr'><em>brevitas,</em></span> <span class='ocrx_word' id='word_1_167' title='bbox 1264 1777 1338 1814; x_wconf 82' lang='lat' dir='ltr'><em>qua</em></span> <span class='ocrx_word' id='word_1_168' title='bbox 1365 1762 1463 1800; x_wconf 77' lang='lat' dir='ltr'><em>nihil</em></span> 
     </span>
     <span class='ocr_line' id='line_1_24' title="bbox 218 1829 1461 1881; baseline 0 -14"><span class='ocrx_word' id='word_1_169' title='bbox 218 1830 325 1880; x_wconf 76' lang='lat' dir='ltr'><em>apud</em></span> <span class='ocrx_word' id='word_1_170' title='bbox 353 1845 464 1867; x_wconf 83' lang='lat' dir='ltr'><em>aures</em></span> <span class='ocrx_word' id='word_1_171' title='bbox 491 1845 630 1868; x_wconf 78' lang='lat' dir='ltr'><em>vacuas</em></span> <span class='ocrx_word' id='word_1_172' title='bbox 658 1838 768 1881; x_wconf 78' lang='lat' dir='ltr'><em>atque</em></span> <span class='ocrx_word' id='word_1_173' title='bbox 796 1830 964 1867; x_wconf 84' lang='lat' dir='ltr'><em>eruditas</em></span> <span class='ocrx_word' id='word_1_174' title='bbox 992 1837 1112 1879; x_wconf 78' lang='lat' dir='ltr'><em>potest</em></span> <span class='ocrx_word' id='word_1_175' title='bbox 1149 1844 1223 1867; x_wconf 84' lang='lat' dir='ltr'><em>esse</em></span> <span class='ocrx_word' id='word_1_176' title='bbox 1240 1829 1461 1880; x_wconf 75' lang='lat' dir='ltr'><em>perfectius,</em></span> 
     </span>
     <span class='ocr_line' id='line_1_25' title="bbox 217 1896 1463 1948; baseline 0 -14"><span class='ocrx_word' id='word_1_177' title='bbox 217 1896 310 1945; x_wconf 51' lang='lat' dir='ltr'><em>IV„</em></span> <span class='ocrx_word' id='word_1_178' title='bbox 351 1898 385 1934; x_wconf 90' lang='lat'><em>1.</em></span> <span class='ocrx_word' id='word_1_179' title='bbox 449 1896 614 1933; x_wconf 79' lang='lat' dir='ltr'><em>Vitanda</em></span> <span class='ocrx_word' id='word_1_180' title='bbox 651 1896 721 1933; x_wconf 79' lang='lat' dir='ltr'><em>illa</em></span> <span class='ocrx_word' id='word_1_181' title='bbox 751 1896 1011 1941; x_wconf 82' lang='lat' dir='ltr'><em>Sallustiana,</em></span> <span class='ocrx_word' id='word_1_182' title='bbox 1050 1910 1276 1948; x_wconf 77' lang='lat' dir='ltr'><em>quamquam</em></span> <span class='ocrx_word' id='word_1_183' title='bbox 1314 1898 1355 1933; x_wconf 87' lang='lat' dir='ltr'><em>in</em></span> <span class='ocrx_word' id='word_1_184' title='bbox 1382 1898 1463 1947; x_wconf 76' lang='lat' dir='ltr'><em>ipso</em></span> 
     </span>
     <span class='ocr_line' id='line_1_26' title="bbox 216 1964 1460 2015; baseline 0.004 -17"><span class='ocrx_word' id='word_1_185' title='bbox 216 1965 365 2001; x_wconf 69' lang='lat' dir='ltr'><em>rio-tutis</em></span> <span class='ocrx_word' id='word_1_186' title='bbox 388 1964 509 2001; x_wconf 69' lang='lat' dir='ltr'><em>locum</em></span> <span class='ocrx_word' id='word_1_187' title='bbox 529 1964 673 2009; x_wconf 77' lang='lat' dir='ltr'><em>obtinet,</em></span> <span class='ocrx_word' id='word_1_188' title='bbox 694 1964 853 2001; x_wconf 82' lang='lat' dir='ltr'><em>brevitas</em></span> <span class='ocrx_word' id='word_1_189' title='bbox 874 1971 906 2001; x_wconf 88' lang='lat' dir='ltr'><em>et</em></span> <span class='ocrx_word' id='word_1_190' title='bbox 920 1964 1122 2014; x_wconf 67' lang='lat' dir='ltr'><em>abruptum</em></span> <span class='ocrx_word' id='word_1_191' title='bbox 1135 1965 1314 2001; x_wconf 82' lang='lat' dir='ltr'><em>sermonis</em></span> <span class='ocrx_word' id='word_1_192' title='bbox 1334 1978 1460 2015; x_wconf 72' lang='lat' dir='ltr'><em>yenus.</em></span> 
     </span>
     <span class='ocr_line' id='line_1_27' title="bbox 220 2030 1461 2078; baseline 0 -11"><span class='ocrx_word' id='word_1_193' title='bbox 220 2030 286 2078; x_wconf 71' lang='lat' dir='ltr'><em>X⁸⁷</em></span> <span class='ocrx_word' id='word_1_194' title='bbox 318 2032 359 2078; x_wconf 83' lang='lat'><em>13</em></span> <span class='ocrx_word' id='word_1_195' title='bbox 389 2030 549 2068; x_wconf 81' lang='lat' dir='ltr'><em>eandem</em></span> <span class='ocrx_word' id='word_1_196' title='bbox 580 2030 847 2077; x_wconf 79' lang='lat' dir='ltr'><em>„immortalem</em></span> <span class='ocrx_word' id='word_1_197' title='bbox 876 2030 982 2067; x_wconf 81' lang='lat' dir='ltr'><em>illam</em></span> <span class='ocrx_word' id='word_1_198' title='bbox 1008 2030 1185 2068; x_wconf 81' lang='lat' dir='ltr'><em>Sallustii</em></span> <span class='ocrx_word' id='word_1_199' title='bbox 1213 2030 1461 2068; x_wconf 71' lang='lat' dir='ltr'><em>velocitatem“</em></span> 
     </span>
     <span class='ocr_line' id='line_1_28' title="bbox 216 2097 1462 2149; baseline 0.001 -15"><span class='ocrx_word' id='word_1_200' title='bbox 216 2097 324 2135; x_wconf 86' lang='lat' dir='ltr'><em>(licit.</em></span> <span class='ocrx_word' id='word_1_201' title='bbox 388 2097 517 2135; x_wconf 89' lang='lat' dir='ltr'><em>Huius</em></span> <span class='ocrx_word' id='word_1_202' title='bbox 553 2097 703 2135; x_wconf 84' lang='lat' dir='ltr'><em>virtutis</em></span> <span class='ocrx_word' id='word_1_203' title='bbox 744 2097 851 2148; x_wconf 87' lang='lat' dir='ltr'><em>origo</em></span> <span class='ocrx_word' id='word_1_204' title='bbox 893 2111 940 2135; x_wconf 87' lang='lat' dir='ltr'><em>ex</em></span> <span class='ocrx_word' id='word_1_205' title='bbox 984 2097 1065 2149; x_wconf 90' lang='lat' dir='ltr'><em>ipso</em></span> <span class='ocrx_word' id='word_1_206' title='bbox 1104 2097 1273 2149; x_wconf 85' lang='lat' dir='ltr'><em>sriptoris</em></span> <span class='ocrx_word' id='word_1_207' title='bbox 1310 2097 1462 2149; x_wconf 86' lang='lat' dir='ltr'><em>ingenio</em></span> 
     </span>
     <span class='ocr_line' id='line_1_29' title="bbox 214 2164 1462 2216; baseline 0.001 -14"><span class='ocrx_word' id='word_1_208' title='bbox 214 2164 381 2215; x_wconf 83' lang='lat' dir='ltr'><em>petenda</em></span> <span class='ocrx_word' id='word_1_209' title='bbox 409 2169 477 2202; x_wconf 85' lang='lat' dir='ltr'><em>cst.</em></span> <span class='ocrx_word' id='word_1_210' title='bbox 535 2165 760 2216; x_wconf 80' lang='lat' dir='ltr'><em>Quicunque</em></span> <span class='ocrx_word' id='word_1_211' title='bbox 789 2177 964 2213; x_wconf 84' lang='lat' dir='ltr'><em>severus,</em></span> <span class='ocrx_word' id='word_1_212' title='bbox 1002 2165 1129 2215; x_wconf 86' lang='lat' dir='ltr'><em>gravis</em></span> <span class='ocrx_word' id='word_1_213' title='bbox 1163 2169 1242 2213; x_wconf 81' lang='lat' dir='ltr'><em>est⁷</em></span> <span class='ocrx_word' id='word_1_214' title='bbox 1281 2165 1462 2216; x_wconf 80' lang='lat' dir='ltr'><em>ambages</em></span> 
     </span>
     <span class='ocr_line' id='line_1_30' title="bbox 214 2231 1461 2283; baseline 0.002 -15"><span class='ocrx_word' id='word_1_215' title='bbox 214 2231 393 2282; x_wconf 77' lang='lat' dir='ltr'><em>repudiat</em></span> <span class='ocrx_word' id='word_1_216' title='bbox 431 2236 468 2269; x_wconf 75' lang='lat' dir='ltr'><em>ot</em></span> <span class='ocrx_word' id='word_1_217' title='bbox 495 2244 644 2282; x_wconf 84' lang='lat' dir='ltr'><em>semper</em></span> <span class='ocrx_word' id='word_1_218' title='bbox 671 2232 845 2270; x_wconf 87' lang='lat' dir='ltr'><em>brevitati</em></span> <span class='ocrx_word' id='word_1_219' title='bbox 880 2231 1031 2281; x_wconf 81' lang='lat' dir='ltr'><em>studet3</em></span> <span class='ocrx_word' id='word_1_220' title='bbox 1066 2232 1232 2283; x_wconf 78' lang='lat' dir='ltr'><em>ineptiae</em></span> <span class='ocrx_word' id='word_1_221' title='bbox 1260 2232 1461 2270; x_wconf 83' lang='lat' dir='ltr'><em>mulierum</em></span> 
     </span>
     <span class='ocr_line' id='line_1_31' title="bbox 214 2298 1462 2349; baseline 0 -13"><span class='ocrx_word' id='word_1_222' title='bbox 214 2302 317 2336; x_wconf 87' lang='lat' dir='ltr'><em>sunt.</em></span> <span class='ocrx_word' id='word_1_223' title='bbox 374 2298 511 2348; x_wconf 81' lang='lat' dir='ltr'><em>Neque</em></span> <span class='ocrx_word' id='word_1_224' title='bbox 538 2302 665 2335; x_wconf 80' lang='lat' dir='ltr'><em>tamon</em></span> <span class='ocrx_word' id='word_1_225' title='bbox 692 2299 994 2349; x_wconf 83' lang='lat' dir='ltr'><em>breviloquentia</em></span> <span class='ocrx_word' id='word_1_226' title='bbox 1021 2298 1093 2336; x_wconf 84' lang='lat' dir='ltr'><em>sita</em></span> <span class='ocrx_word' id='word_1_227' title='bbox 1129 2302 1187 2336; x_wconf 83' lang='lat' dir='ltr'><em>est</em></span> <span class='ocrx_word' id='word_1_228' title='bbox 1221 2299 1261 2336; x_wconf 90' lang='lat' dir='ltr'><em>in</em></span> <span class='ocrx_word' id='word_1_229' title='bbox 1290 2299 1462 2337; x_wconf 80' lang='lat' dir='ltr'><em>secandis</em></span> 
     </span>
     <span class='ocr_line' id='line_1_32' title="bbox 214 2365 1460 2415; baseline 0 -11"><span class='ocrx_word' id='word_1_230' title='bbox 214 2365 351 2413; x_wconf 72' lang='lat' dir='ltr'><em>verbis,</em></span> <span class='ocrx_word' id='word_1_231' title='bbox 373 2378 471 2415; x_wconf 76' lang='lat' dir='ltr'><em>quae</em></span> <span class='ocrx_word' id='word_1_232' title='bbox 491 2365 623 2403; x_wconf 74' lang='lat' dir='ltr'><em>deesse</em></span> <span class='ocrx_word' id='word_1_233' title='bbox 645 2378 718 2402; x_wconf 89' lang='lat' dir='ltr'><em>non</em></span> <span class='ocrx_word' id='word_1_234' title='bbox 741 2366 897 2415; x_wconf 68' lang='lat' dir='ltr'><em>possint,</em></span> <span class='ocrx_word' id='word_1_235' title='bbox 919 2365 984 2403; x_wconf 80' lang='lat' dir='ltr'><em>sod</em></span> <span class='ocrx_word' id='word_1_236' title='bbox 1004 2365 1041 2402; x_wconf 87' lang='lat' dir='ltr'><em>in</em></span> <span class='ocrx_word' id='word_1_237' title='bbox 1062 2378 1119 2413; x_wconf 76' lang='lat' dir='ltr'><em>co,</em></span> <span class='ocrx_word' id='word_1_238' title='bbox 1148 2369 1191 2402; x_wconf 83' lang='lat' dir='ltr'><em>ut</em></span> <span class='ocrx_word' id='word_1_239' title='bbox 1213 2379 1272 2403; x_wconf 75' lang='lat' dir='ltr'><em>res</em></span> <span class='ocrx_word' id='word_1_240' title='bbox 1293 2367 1460 2404; x_wconf 85' lang='lat' dir='ltr'><em>omnium</em></span> 
     </span>
    </p>
   </div>
  </div>
 </body>
</html>
