1685 2878
730 323 774 329 *-
807 302 931 339 37-

214 426 349 464 multu-s
376 427 534 472 «instare,
572 424 746 476 Thucyd.
775 424 861 472 IV.,
892 425 953 471 21,
982 420 1106 466 πολὺς
1132 421 1309 462 ἐνείκειε).
1366 421 1450 458 Cat.

213 493 304 541 VI.,
340 494 373 531 5.
429 492 555 544 Blaqis
583 492 719 530 dandi-3
747 506 858 544 quam
886 488 1120 541 accipiundis
1148 487 1331 538 beneficiis
1360 489 1452 525 ami-

214 561 322 598 citias
346 560 549 611 parabant.
604 560 664 598 Ita
691 559 857 597 Pericles
885 557 987 609 apud
1016 555 1192 607 Thucyd.
1221 555 1289 603 II.,
1325 555 1386 602 40,
1415 555 1450 590 4.

216 626 273 667 Οῦ
294 626 396 679 γὰρ,
433 628 571 678 inquit,
610 623 831 680 πάρχοντες
865 621 910 665 εὖ
941 621 1042 664 ἄλλά
1071 624 1239 676 δρῶντες
1266 621 1453 672 κτώμεθα

213 693 306 741 τοὺς
334 694 486 747 φίλους.
541 693 618 731 Cfr.
647 705 758 743 porro
787 692 878 730 Sall.
909 691 994 730 Cat.
1022 690 1122 737 IIL,
1160 691 1182 726 2
1211 693 1248 726 et
1275 687 1450 738 Thucyd.

213 759 281 808 IL,
296 761 358 807 35,
388 761 431 807 23
459 758 643 810 1ug.IL.,
672 760 694 795 3
723 763 762 796 et
776 757 952 809 Thucyd.
981 757 1048 805 IL,
1078 757 1147 804 123
1177 755 1260 793 Cat.
1278 754 1381 802 LII„
1405 756 1447 791 11

214 830 252 864 et
271 826 544 877 Thucyd.111.,
561 827 630 874 823
651 825 735 864 Cat.
747 824 1025 872 XXXVIII.,3
1045 829 1082 861 et
1102 823 1276 873 Thucyd.
1289 822 1377 869 III.,
1390 823 1450 859 82.

215 892 291 930 Sed
319 893 396 930 iam
416 896 565 943 tempus
594 896 652 929 est
679 891 727 929 ad
745 890 923 928 Tacitum
949 890 1083 938 redire,
1112 890 1221 927 cuius
1242 888 1337 926 ratio
1366 889 1453 926 scri-

214 959 327 997 bendi
356 972 476 1010 aeque
504 959 634 997 similis
662 964 719 997 est
747 958 1012 997 Sallustianae.

317 1026 403 1070 Quo
424 1030 592 1077 tempore
607 1026 764 1064 Tacitus
783 1025 832 1064 ad
847 1025 1086 1064 scribendum
1107 1024 1273 1062 animum
1295 1024 1452 1074 appulit,

215 1093 431 1131 certabatur
449 1093 548 1131 inter
566 1106 642 1141 eos,
671 1093 735 1144 qui
754 1093 952 1144 vulgarem
977 1096 1014 1129 et
1033 1095 1248 1142 corruptam
1267 1090 1453 1129 scribendi

214 1160 397 1203 rationem
425 1173 574 1198 servare
604 1164 641 1197 et
668 1160 733 1211 qui
759 1172 894 1198 novam
914 1158 1073 1196 induere
1092 1158 1306 1196 studebant.
1352 1158 1452 1196 Nam

214 1240 332 1278 quum
376 1232 462 1278 post
496 1226 666 1278 Augusti
703 1231 868 1266 aetatem
908 1227 951 1274 ,in
987 1226 1067 1264 dies
1102 1226 1273 1263 homines
1317 1226 1451 1276 langu-

215 1298 385 1333 escerent
411 1294 594 1345 novisque
622 1295 874 1333 incitamentis
902 1307 1058 1345 corpora
1093 1293 1350 1344 voluptatibus
1377 1293 1451 1330 iam

216 1362 353 1400 satiata
380 1362 516 1400 irritari
543 1375 697 1400 necesse
734 1366 853 1410 esset,
890 1361 1081 1399 Ciceronis
1107 1361 1301 1411 praeclara
1338 1360 1450 1398 dictio

216 1428 326 1466 nimis
353 1428 479 1466 ieiuna
507 1432 545 1466 et
571 1429 723 1479 illepida
741 1427 954 1466 videbatur.
980 1428 1124 1472 ⁴Quare
1154 1428 1276 1465 colore
1302 1426 1450 1477 poetico

214 1495 378 1547 pedestri
407 1496 568 1534 sermoni
595 1496 698 1534 illato
732 1509 850 1547 quum
883 1496 921 1533 in
947 1497 1028 1535 loco
1056 1495 1296 1547 periodorum
1325 1494 1448 1532 brevis

215 1563 487 1601 sententiarum
516 1563 636 1601 forma
663 1563 786 1614 posita
814 1568 924 1612 esset,
957 1564 1071 1602 verba
1097 1564 1151 1601 ita
1178 1562 1451 1613 torquebantur

217 1634 255 1668 et
276 1630 535 1678 tornabantur,
564 1634 608 1668 ut
635 1630 775 1680 aliquid
804 1631 890 1668 novi
918 1635 1030 1682 atque
1058 1631 1219 1669 inauditi
1239 1630 1449 1668 exsisteret.

217 1697 329 1741 Quod
377 1701 596 1748 corruptum
641 1710 763 1747 genus
808 1698 957 1735 dicendi
993 1698 1144 1736 Nerone
1184 1699 1392 1748 imperante
1430 1711 1452 1733 a

216 1763 362 1803 Seneca
389 1764 437 1802 ad
466 1777 656 1802 summum
684 1764 880 1816 fastigium
906 1769 1128 1815 provectum
1156 1770 1223 1803 est.
1272 1763 1348 1802 Sed
1376 1763 1451 1801 Ve-

215 1832 414 1882 spasianus
440 1832 668 1882 praecipuus
696 1831 862 1869 adstricti
891 1833 1005 1869 moris
1033 1836 1177 1879 auctor,
1214 1832 1270 1868 vir
1298 1831 1452 1880 antiquo

216 1898 320 1936 cultu
356 1898 535 1949 victuque
565 1898 682 1950 (Ann.
712 1897 802 1947 HL,
832 1899 893 1947 55,
922 1899 962 1948 4)
991 1911 1115 1937 mores
1151 1898 1338 1949 corrigere
1367 1910 1453 1936 con—

214 1965 347 2014 tendit,
375 1978 474 2021 quac
493 1966 696 2013 eontentio,
725 1966 764 2003 in
791 1966 943 2017 dialogo
972 1967 1019 2004 de
1038 1967 1249 2004 oratoribus
1266 1966 1455 2003 illustrata

216 2032 331 2071 etiam
366 2032 443 2071 vim
477 2032 643 2071 habebat
678 2032 727 2071 ad
763 2033 919 2072 litteras.
983 2033 1028 2071 In
1063 2033 1126 2071 illo
1161 2033 1308 2081 libello,
1344 2036 1454 2071 sexto

215 2113 312 2138 anno
339 2101 487 2151 imperii
506 2100 733 2151 Vespasiani
753 2102 974 2151 composito,
1003 2102 1077 2139 stili
1097 2101 1303 2139 renovandi
1331 2105 1455 2152 patro-

215 2167 353 2205 cinium
383 2171 633 2218 susceperunt
661 2167 784 2206 Iulius
804 2167 1018 2215 Secundus,
1046 2167 1258 2218 Vipstanus
1276 2166 1454 2207 Messala.

216 2233 417 2272 Secundus
433 2233 642 2283 Maternus,
664 2235 859 2273 clarissimi
878 2235 976 2273 illius
992 2235 1172 2285 temporis
1191 2236 1273 2284 viri,
1292 2248 1455 2286 quorum

214 2301 379 2351 priorem
396 2302 594 2351 aequalem
622 2306 660 2340 et
679 2302 843 2340 amicum
862 2315 974 2340 suum
994 2302 1164 2340 nominat
1183 2302 1452 2347 Quintilianus.

214 2368 290 2406 Hic
316 2368 374 2405 vir
399 2380 516 2419 quum
547 2373 788 2419 „corruptum
817 2374 855 2407 et
881 2370 1055 2408 omnibus
1083 2370 1181 2407 vitiis
1209 2370 1371 2407 fractum
1398 2369 1453 2407 di-

216 2434 325 2473 cendi
352 2448 474 2486 genus
501 2448 676 2474 revocare
704 2435 752 2473 ad
781 2437 968 2474 severiora
1003 2436 1145 2475 iudicia
1184 2437 1450 2475 contenderct“

214 2503 286 2553 X„
325 2505 369 2553 1,
408 2505 479 2551 25,
518 2502 702 2541 Senecam
739 2504 804 2554 qui
841 2508 924 2542 tum
960 2505 1062 2542 solus
1099 2505 1176 2542 fere
1213 2505 1251 2542 in
1278 2505 1453 2550 manibus
