1685 2878
777 222 948 259 ..9,-

244 357 284 381 sc
312 343 506 381 convertit.
550 342 669 380 Cuius
698 342 851 393 quidem
879 343 944 380 otii
972 343 1117 381 fructus
1142 342 1326 380 habemus
1355 344 1483 381 coniu-

242 410 426 447 rationem
454 409 735 458 Catilinariam,
770 410 911 447 bellum
939 409 1210 460 Iugurthinum
1249 414 1286 447 et
1312 410 1483 448 historia-

242 489 327 515 rum
353 490 497 528 pauca,
534 490 632 527 quae
668 481 832 515 aetatem
860 477 1051 524 tulerunt,
1092 477 1316 527 fragmenta.
1370 476 1483 515 Diem

243 556 463 595 supremum
490 543 583 581 obiit
610 543 856 593 quadriennio
885 547 972 581 ante
1000 543 1201 581 Actiacum
1230 543 1382 581 bellum.

345 610 417 648 His
445 611 557 648 rebus
575 610 790 661 praemissis
810 610 860 648 ad
877 610 957 648 eius
978 610 1174 660 ingenium
1194 609 1481 648 diiudicandum

241 677 489 728 promptiores
517 690 661 715 sumus.

342 743 542 793 Vidimus,
579 757 667 782 cum
703 745 865 782 multum
901 744 1080 795 temporis
1107 744 1210 781 nullo
1238 742 1350 780 modo
1379 757 1479 781 eom-

241 823 355 849 mune
389 812 583 862 ingenium
621 812 751 862 populi
789 816 903 862 atque
939 811 1117 861 temporis
1157 823 1350 861 egressum
1387 824 1481 848 csse.

242 878 327 922 Qua
356 882 437 916 erat
464 878 607 929 gloriae
636 879 843 929 cupiditate
870 879 909 915 in
936 879 1041 915 illum
1071 891 1246 928 campum
1284 878 1481 928 agebatur,

242 945 309 982 ubi
337 945 426 982 inde
455 946 501 983 ab
530 946 790 995 antiquissimo
818 950 987 996 tempore
1003 945 1200 983 Romanus
1227 945 1297 982 sibi
1324 945 1481 995 gloriam

241 1015 280 1048 ct
307 1012 487 1048 honorem
514 1024 647 1061 parare
676 1017 813 1061 posset.
869 1012 1060 1049 Vitiorum
1087 1012 1280 1049 illecebras
1314 1011 1480 1061 quidem,

241 1082 285 1115 ut
313 1078 389 1116 fere
409 1090 538 1116 omnes
559 1078 685 1127 ceteri,
713 1091 786 1116 non
805 1078 954 1129 effugit,
982 1078 1049 1116 sed
1068 1078 1184 1116 exitio
1212 1078 1246 1116 ei
1266 1091 1340 1115 non
1362 1082 1480 1115 erant.

239 1145 326 1183 Non
355 1146 477 1183 solum
505 1150 676 1196 tempus,
713 1150 756 1184 ut
784 1159 823 1184 se
851 1146 898 1184 ab
926 1146 971 1183 iis
1007 1145 1188 1196 expedire
1224 1149 1372 1196 posset,
1414 1145 1479 1183 sed

241 1213 356 1251 etiam
386 1226 477 1251 ansa
505 1214 675 1264 praebita
703 1218 771 1262 est,
799 1226 917 1264 quum
945 1217 1200 1263 cognosceret,
1228 1225 1343 1263 quam
1362 1213 1480 1249 malos

239 1281 387 1318 fructus
415 1294 464 1318 ex
490 1281 535 1318 iis
561 1282 783 1332 perciperet.
817 1281 881 1319 Ad
909 1293 1077 1318 summos
1104 1280 1142 1317 in
1170 1293 1209 1318 re
1235 1279 1388 1330 publica
1415 1280 1479 1316 ho—

240 1360 362 1394 nores,
390 1361 484 1397 quos
512 1348 679 1398 petebat,
707 1348 910 1386 ascendere
937 1361 1012 1385 non
1028 1351 1177 1398 poterat
1204 1351 1242 1385 et
1265 1347 1388 1385 malae
1415 1359 1479 1384 cu-

239 1413 417 1463 piditates
455 1414 488 1452 ei
525 1414 705 1452 invidiam
740 1419 777 1452 et
811 1414 1054 1464 turpitudinis
1081 1418 1211 1451 notam
1239 1414 1477 1464 colligebant.

242 1480 305 1518 Ita
332 1485 376 1518 ut
404 1494 426 1517 a
454 1481 515 1518 via
542 1481 629 1518 olim
657 1481 749 1519 inita
776 1481 991 1529 diverteret,
1018 1494 1094 1519 non
1121 1481 1245 1518 minus
1273 1493 1342 1518 sua
1360 1480 1478 1531 ipsius

240 1547 393 1585 fortuna
420 1560 534 1597 quam
561 1548 725 1585 violenta
751 1552 870 1585 morte
897 1548 1025 1598 magni
1047 1548 1203 1585 fautoris
1227 1551 1399 1585 extrema
1425 1547 1478 1583 vi—

239 1617 299 1651 tae
327 1618 433 1664 parte
466 1615 790 1663 commovebatur,
819 1620 876 1663 et,
913 1627 1030 1665 quum
1057 1614 1105 1652 ‹le
1132 1614 1213 1652 vice
1241 1615 1478 1651 fortunarum

238 1681 503 1728 humanarum,
532 1681 579 1718 de
608 1682 771 1719 civitatis
799 1682 1011 1719 conditione
1036 1682 1231 1732 cogitaret,
1260 1694 1335 1719 non
1354 1681 1477 1718 solum

237 1747 414 1786 historiae
432 1749 646 1797 materiam,
676 1748 742 1787 sed
763 1749 876 1787 etiam
895 1748 1051 1787 modum
1069 1748 1250 1787 materiae
1270 1748 1476 1799 percipien-

236 1815 308 1852 dae
332 1816 484 1853 invenit.
514 1816 694 1854 Veterem
715 1817 767 1853 rei
793 1817 966 1866 publicae
988 1820 1130 1854 sta-tum
1150 1829 1236 1854 cum
1260 1829 1356 1854 novo
1377 1829 1476 1853 com-

235 1886 355 1932 parat,
387 1882 599 1930 ostendens,
627 1883 728 1921 unde
752 1896 899 1921 morum
927 1883 1094 1934 pravitas
1122 1887 1254 1921 exorta
1277 1883 1337 1931 sit,
1363 1895 1477 1933 quem

235 1949 349 1987 finem
376 1955 530 2000 spectet.
558 1950 680 1987 Annis
707 1951 996 2001 procedentibus
1023 1952 1103 2001 ipse
1131 1951 1252 2001 magis
1277 1950 1477 2000 magisque

236 2028 383 2054 morum
410 2017 648 2055 honestatem
676 2018 874 2068 amplexus
902 2023 959 2056 est
985 2019 1059 2066 ita,
1088 2022 1130 2055 ut
1157 2018 1290 2055 mitius
1317 2017 1365 2055 de
1394 2018 1476 2056 eius

235 2083 359 2133 priore
386 2084 465 2121 vita
491 2084 566 2121 iam
595 2085 811 2123 sentiamus.
865 2085 965 2122 Nam
992 2085 1031 2122 id
1058 2085 1296 2135 potissimum
1322 2086 1361 2122 in
1387 2085 1476 2123 viris

236 2148 487 2189 diiudicandis
524 2152 770 2202 spectandum
807 2157 883 2200 est,
921 2152 969 2190 ad
997 2165 1112 2203 quam
1139 2152 1255 2190 animi
1282 2153 1475 2205 magnitu-

235 2219 363 2257 dinem
391 2219 430 2256 in
455 2223 650 2257 senectute
677 2221 844 2270 provecti
871 2220 965 2268 sint,
1005 2233 1122 2270 quum
1156 2221 1333 2259 iuventus
1362 2234 1476 2272 saepe

235 2286 380 2324 levitati
407 2285 616 2336 indulgeat.
670 2286 821 2337 Ubique
849 2287 980 2325 existit
1007 2300 1160 2326 severus
1187 2289 1370 2340 magister
1397 2301 1477 2326 mo-

235 2366 319 2389 rum
357 2358 395 2391 et
430 2357 473 2390 ut
508 2354 678 2391 homines
715 2368 738 2391 a
771 2355 870 2392 vitiis
898 2355 1107 2404 deterreat,
1146 2358 1302 2395 summis
1335 2358 1476 2395 viribus

235 2419 375 2462 studet.
414 2419 461 2456 Id
489 2433 604 2471 quum
633 2421 758 2458 minus
786 2422 1007 2472 aequalibus
1035 2423 1271 2473 probaretur,
1297 2423 1475 2463 Lenaeus
