1685 2878
759 244 959 287 „23—

245 372 324 410 illi-3
351 372 515 410 dolentia
564 372 652 423 Iug.
680 372 917 420 LXXXIV„
947 374 981 409 1.
1033 371 1235 410 Censebam
1263 386 1374 423 quam
1396 372 1479 421 pri-

242 453 344 477 mum
372 438 580 477 Adherbali
605 439 917 484 subveniundum,
955 438 1000 475 de
1028 437 1214 489 Iuyurtha
1240 439 1390 476 interim
1423 439 1480 475 uti

243 506 505 546 consuleretur.
555 505 641 556 Iug.
673 505 814 554 XXV„
845 507 879 543 1.
928 505 1003 544 Ubi
1028 504 1143 551 videt,
1171 519 1287 556 neque
1306 519 1379 555 per
1405 506 1480 542 rim

242 587 358 625 ‘neque
384 572 534 610 insidiis
563 574 727 623 opprimi
745 586 855 623 posse
882 572 1076 611 hominem.
1129 572 1217 623 Iug.
1246 571 1353 620 VII„
1384 573 1418 609 1.

348 637 528 692 Χιασμός
542 640 607 691 qui
630 640 780 689 dicitur,
802 652 916 691 saepe
931 639 1139 678 invenitur:
1165 639 1251 678 Cat.
1265 638 1337 677 IX.
1357 638 1480 687 „Con-

244 707 372 745 cordia
386 720 580 755 maxuma,
595 707 753 744 minima
767 707 925 744 avaritia
940 710 1056 745 erat-‘⁴
1078 707 1128 745 X.
1156 706 1297 754 „Aliud
1312 707 1480 744 clausum

245 774 282 811 in
311 778 477 824 pectore,
505 774 608 812 aliud
636 774 675 811 in
702 774 833 824 lingua
860 777 1111 824 promptum.“

346 839 548 878 Adiectiva
565 841 745 878 nonnulla
764 841 878 878 modo
893 841 1027 877 activo.
1055 840 1168 877 modo
1190 840 1340 889 passivo
1368 852 1480 876 sensu

243 906 367 957 posita
394 910 502 945 sunt:
531 906 644 946 falsos
670 906 752 945 fieri
781 906 864 946 Cat.
893 906 957 955 X„
986 907 1031 956 53
1059 906 1192 955 active,
1220 910 1263 944 ut
1291 906 1384 944 alios
1412 917 1481 956 per

244 965 524 1011 simulationem
544 974 694 1022 fallant3
723 987 835 1012 sensu
856 974 1005 1024 passivo
1026 974 1190 1024 saepius.
1230 972 1481 1023 Magistratus

243 1040 394 1078 innooeii
421 1039 505 1078 Cat.
533 1040 735 1089 XXXIX„
764 1042 809 1089 2,
846 1040 997 1091 passiva
1031 1039 1088 1087 vi,
1126 1039 1190 1090 qui
1227 1038 1323 1077 adeo
1359 1038 1481 1077 securi

244 1111 352 1154 sunt,-
373 1111 417 1144 ut
443 1108 488 1144 iis
514 1108 640 1145 noceri
666 1120 740 1145 non
768 1107 898 1158 possit.
954 1107 1121 1157 Iynarzts
1149 1106 1297 1156 passive
1329 1119 1397 1156 pro
1426 1106 1480 1142 in-

244 1174 419 1223 cognitus
439 1178 664 1224 usurpatur:
694 1174 780 1224 Iug.
805 1173 972 1221 XVIII„
994 1174 1028 1220 6,
1056 1174 1197 1223 iynara
1225 1172 1356 1223 linqua
1378 1171 1481 1218 LII„

243 1241 280 1288 4,
307 1241 408 1291 reqio
434 1240 594 1279 hostibus
621 1242 760 1292 iqnara
789 1239 912 1288 CIII„
942 1241 977 1277 6.
1003 1263 1047 1268 -——
1067 1238 1196 1291 Neque
1220 1238 1336 1289 plane
1364 1238 1481 1276 oecul-

244 1308 314 1343 tati
332 1314 363 1343 et
387 1314 508 1344 tamen
527 1308 660 1344 incerti
672 1307 759 1357 Iug.
780 1307 863 1354 IL„
892 1308 928 1354 5,
956 1307 1021 1344 ubi
1041 1308 1174 1343 incerti
1192 1306 1342 1355 passivo
1368 1318 1482 1343 sensu

244 1371 291 1410 de
328 1372 372 1410 iis
400 1373 521 1420 valet,
559 1372 623 1423 qui
650 1372 782 1423 quales
819 1372 894 1410 sint
923 1372 1100 1423 cognosci
1138 1373 1196 1410 vel
1224 1376 1399 1410 accurato
1427 1371 1482 1408 ‹li-

243 1439 389 1489 stingui
416 1452 492 1477 non
517 1443 687 1490 possunt.

346 1505 591 1545 Adiectivum
627 1519 650 1544 a
679 1505 859 1544 Sallustio
896 1519 963 1556 pro
992 1505 1170 1544 adverbio
1199 1506 1364 1557 positum
1400 1519 1481 1545 esse

241 1573 303 1609 his
332 1573 423 1610 loeis
451 1573 568 1611 scias:
598 1572 683 1610 Cat.
712 1572 854 1620 XXV„
882 1574 917 1610 5.
968 1572 1072 1618 Quae
1100 1573 1236 1610 occulte
1264 1580 1480 1617 tentaverat,

241 1654 377 1691 aspera
393 1639 585 1692 foedaque
612 1648 816 1678 evenerant.
872 1639 976 1688 LII„
1012 1640 1073 1678 29.
1129 1638 1231 1678 Bene
1258 1639 1481 1678 consulendo

232 1722 417 1758 prospera
451 1709 578 1745 omnia
605 1707 747 1745 cedunt.
802 1708 889 1758 Iug.
917 1707 1050 1755 XXI.,
1090 1709 1125 1744 1.
1182 1707 1392 1758 Iuyurthae
1423 1708 1480 1745 ol)-

240 1776 320 1811 vius
339 1774 520 1825 procedit.
555 1774 799 1822 XXXVIII„
830 1775 864 1822 1,
890 1773 1064 1811 subdolus
1088 1775 1167 1811 eius
1193 1788 1330 1822 anyere
1357 1788 1480 1812 ameu-

241 1843 342 1879 tiam.
379 1840 461 1889 IL„
491 1842 525 1889 1,
554 1842 633 1891 ipse
650 1842 813 1892 propior
843 1848 999 1878 montem
1024 1854 1108 1878 suos
1135 1840 1300 1879 collocat.
1336 1841 1415 1889 CL,
1446 1843 1480 1889 1,

239 1909 304 1944 citi
337 1921 412 1945 sese
449 1908 651 1944 ostendunt.
685 1931 729 1936 —-
757 1907 964 1945 Praeterea
998 1906 1188 1944 interdum
1223 1907 1409 1945 adiectiva
1445 1912 1482 1947 ot

239 1974 357 2013 verba
392 1973 534 2025 duplici
571 1973 683 2012 modo
720 1977 1010 2013 construuntur:
1065 1973 1151 2012 Cat.
1192 1973 1407 2022 XXXIII„
1446 1975 1480 2012 1.

242 2041 317 2088 Qui
342 2043 471 2079 miseri
494 2041 665 2093 plerique
686 2042 858 2091 patriae,
894 2041 960 2079 sed
984 2055 1106 2079 omnes
1123 2042 1243 2091 fama
1270 2049 1380 2093 atque
1396 2042 1481 2092 for-

239 2110 337 2147 tamis
363 2116 527 2159 eapertes
553 2123 690 2149 sumus,
729 2107 870 2157 XXV„
899 2109 934 2156 2,
963 2108 1106 2155 litteris,
1126 2108 1295 2159 psallere
1327 2109 1480 2156 saltare,

238 2177 356 2214 ‘multa
385 2165 609 2214 alialdoeta.
636 2176 723 2226 Iug.
744 2175 982 2224 LXXXIV„
1011 2177 1046 2214 2.
1086 2175 1288 2228 Plerosque
1311 2178 1481 2224 militiae,

230 2256 375 2293 paucos
400 2242 522 2291 fama
549 2244 711 2295 eoym'tos
744 2244 876 2281 accire.
929 2242 967 2281 A
993 2243 1108 2281 verbo
1139 2243 1364 2291 „disserere“
1396 2245 1481 2283 Cat.

237 2310 300 2359 V„
316 2311 353 2359 9,
371 2310 491 2361 primo
505 2310 645 2361 pendet
659 2310 901 2349 accusativus
917 2310 1066 2358 obiecti,
1088 2312 1263 2349 instituta
1284 2313 1481 2359 maiorum,

237 2381 320 2415 tum
341 2377 601 2416 coniunctivus
622 2377 801 2415 orationis
818 2377 992 2427 obliquae
1022 2378 1260 2430 („quomodo,
1292 2387 1481 2431 quantam,

240 2448 303 2482 ut“
338 2444 563 2496 particulis).
617 2443 705 2482 Alia
741 2444 856 2482 huius
892 2443 994 2483 modi
1037 2446 1210 2498 exempla
1250 2450 1358 2484 sunt:
1397 2445 1481 2486 Cat.
