1685 2878
478 762 794 822 PARS
838 760 1257 821 PRIMA.

757 987 918 1056 Caput
957 989 984 1042 Ι.

331 1120 533 1159 Sallustius
560 1120 659 1158 vitae
688 1120 907 1170 scriptorem
928 1119 1060 1158 habuit
1083 1119 1204 1157 virum
1224 1120 1487 1171 gravissimum

251 1193 365 1237 atque
392 1186 722 1238 diligentissimum
750 1187 796 1230 Q.
824 1186 1033 1224 Asconium
1060 1187 1295 1235 Pedianum3
1323 1188 1391 1225 sed
1417 1187 1488 1225 hoe

252 1253 346 1292 libro
375 1253 411 1291 in
439 1254 627 1292 communi
653 1254 864 1292 litterarum
894 1254 1091 1305 naufragio
1110 1253 1319 1305 deperdito,
1348 1267 1397 1292 ex
1424 1268 1487 1292 va-

249 1321 313 1358 riis
339 1325 510 1359 veterum
538 1322 871 1371 grammaticorum
899 1322 1176 1359 commentariis
1209 1326 1247 1360 et
1272 1322 1488 1372 posterioris

250 1388 428 1439 temporis
447 1392 644 1426 auctorum
663 1388 826 1426 historiis
846 1393 935 1426 sunt
951 1388 1174 1439 colligenda,
1202 1402 1300 1439 quae
1328 1388 1377 1426 ad
1405 1388 1487 1427 eius

248 1455 366 1493 vitam
392 1455 655 1493 illustrandam
681 1455 879 1507 pertinent.

352 1523 444 1560 Vita
482 1523 564 1560 eius
591 1527 672 1561 tota
699 1523 737 1560 in
763 1523 854 1560 illud
884 1528 1034 1574 tempus
1062 1523 1182 1571 eadit,
1211 1537 1286 1573 quo
1317 1524 1487 1574 quamvis

249 1589 342 1627 fines
380 1590 432 1627 rei
469 1589 643 1640 publicae
679 1590 955 1640 proferrentur,
992 1593 1118 1628 tamen
1156 1590 1253 1628 vires
1280 1590 1487 1635 interiores,

250 1657 387 1707 quibus
414 1662 524 1695 vetus
552 1658 713 1695 civitatis
741 1658 861 1695 forma
888 1658 1053 1708 vigebat,
1082 1658 1372 1696 emoriebantur.
1410 1658 1487 1695 Na-

250 1729 311 1761 tus
348 1725 448 1761 enim
485 1725 534 1761 86
571 1738 605 1762 a.
636 1724 724 1762 Chr.
754 1738 791 1761 n.
819 1724 1008 1762 Amiterni
1043 1725 1082 1761 in
1111 1724 1259 1762 Sabinis
1295 1725 1389 1763 vidit
1425 1725 1488 1762 illa

199 1803 201 1805 ·
249 1790 460 1828 miserrima
487 1792 586 1829 bella
614 1791 748 1840 civilia,
776 1792 931 1829 eaedem
960 1792 1108 1839 civium,
1135 1792 1315 1830 victorem
1340 1791 1485 1829 Sullam

250 1862 365 1909 atque
400 1864 486 1909 post
523 1860 604 1897 eius
631 1863 790 1897 mortem
817 1859 989 1910 Pompeii
1016 1859 1092 1897 vim
1127 1863 1385 1907 enascentem,
1423 1858 1486 1909 qui

250 1925 346 1963 bello
375 1930 413 1964 et
437 1938 524 1964 eum
541 1926 672 1977 piratis
693 1930 731 1964 et
749 1938 836 1964 cum
852 1925 1073 1964 Mithridate
1092 1938 1182 1977 rege
1202 1926 1347 1964 fortiter
1364 1931 1485 1977 gesto,

248 1992 329 2041 ipse
358 1992 513 2029 Caesari
540 1992 673 2030 cedere
700 1996 852 2030 coactus
880 1996 948 2029 est.

351 2059 428 2097 Ubi
463 2060 522 2098 his
558 2059 792 2111 temporibus
829 2063 1000 2097 versatus
1034 2059 1101 2107 sit,
1138 2059 1289 2110 quando
1322 2058 1487 2097 Romam

248 2128 461 2179 profectus,
498 2128 634 2177 quibus
671 2126 905 2168 Graecarum
939 2126 1240 2177 Latinarumque
1275 2127 1487 2166 litterarum

249 2195 467 2234 doctoribus
493 2207 585 2237 usus
614 2193 741 2243 fuerit,
768 2193 953 2232 incertum
981 2197 1050 2243 est,
1078 2193 1146 2232 sed
1172 2193 1249 2232 iam
1276 2207 1299 2232 a
1324 2194 1489 2246 pueritia

250 2264 393 2301 artibus
420 2263 637 2301 liberalibus
665 2276 752 2300 eum
780 2275 935 2313 operam
952 2262 1114 2310 dedisse,
1143 2262 1252 2300 facile
1271 2262 1487 2310 credideris,

250 2343 369 2381 quum
404 2329 552 2368 iuvenis
590 2328 796 2368 admodum
830 2329 1009 2368 historiae
1036 2329 1257 2368 scribendae
1291 2329 1489 2368 consilium

251 2402 414 2450 caperet.
470 2397 548 2435 cfr.
577 2397 693 2449 praef.
725 2397 809 2436 Cat.
838 2398 883 2445 4,
919 2396 992 2449 Ep.
1023 2397 1072 2434 ad
1097 2397 1207 2436 Caes.
1239 2398 1298 2435 10.
1361 2397 1488 2436 Mores
