1685 2878
247 354 366 389 totam
401 351 626 390 libertatem.
689 350 826 402 Atque*
860 352 931 390 hoc
972 351 1169 389 consilium
1206 351 1398 401 sequitur,
1439 356 1484 388 ut

245 419 433 470 principes
468 419 517 457 ad
544 419 657 457 huius
693 419 796 457 modi
822 419 1060 458 moderatum
1087 418 1287 470 imperium
1314 418 1483 457 adducat

246 491 284 524 et
307 486 406 524 cives
425 492 671 531 commoveat,
699 491 742 524 ut
769 487 807 524 in
834 500 879 525 ea
905 500 946 524 re
964 487 1172 538 principem
1192 499 1306 536 quam
1325 491 1481 537 optume

245 552 441 591 adiuvent.

348 619 424 657 Sed
452 633 568 671 quum
597 620 644 657 de
667 620 818 670 ingenio
846 633 914 670 pro
935 620 1071 658 finibus
1091 621 1204 658 libelli
1225 620 1315 657 satis
1335 620 1480 658 dictum

244 699 325 724 esse
361 699 555 735 censeam,
591 686 640 724 ad
676 687 833 725 alteram
871 691 1017 736 partem
1053 687 1241 728 transibo,
1284 699 1359 737 qua
1398 691 1478 724 arte

243 757 404 804 uterque
431 766 523 791 usus
551 753 609 791 sit.

706 1004 711 1008 .
733 953 894 1023 caput
934 954 978 1008 ΙΙ.

344 1085 557 1136 Utrumque
583 1090 626 1123 ut
645 1085 867 1124 Sallustium
886 1085 1045 1136 dignum
1064 1089 1333 1135 argumentum
1359 1085 1475 1123 histo-

240 1153 318 1191 riae
338 1153 498 1202 elegisse
525 1166 600 1190 non
627 1157 684 1190 cst
711 1152 812 1202 quod
831 1152 959 1190 multis
975 1152 1100 1190 verbis
1119 1152 1327 1200 ostendam,
1357 1166 1475 1203 quum

239 1218 428 1256 neminem
451 1218 667 1256 recentioris
682 1218 862 1269 temporis
889 1230 971 1256 esse
999 1218 1162 1266 credam,
1190 1219 1254 1269 qui
1282 1219 1320 1256 id
1348 1225 1475 1270 neget.

238 1286 443 1333 Attamen,
480 1286 650 1323 mirabile
685 1285 811 1332 dictu,
849 1285 1056 1336 Dionysius
1085 1285 1248 1333 iudicat,
1285 1286 1425 1324 bellum
1454 1300 1477 1324 a

239 1351 465 1403 Thucydide
501 1351 734 1402 descriptum
770 1352 917 1389 silentio
961 1356 999 1389 et
1035 1352 1211 1390 oblivioni
1249 1352 1476 1391 tradendum

240 1419 367 1457 fuisse.
422 1418 520 1456 Eam
557 1418 656 1456 enim
693 1431 865 1467 causam,
904 1432 979 1469 qua
1007 1418 1252 1470 Thucydides
1288 1423 1389 1458 recte
1427 1419 1475 1457 ad

239 1484 477 1523 scribendum
505 1485 751 1533 incitabatur,
789 1498 907 1535 quum
940 1486 1081 1523 bellum
1108 1485 1473 1535 Peloponnesiacum

239 1552 505 1602 gravissimum
534 1552 612 1590 fore
638 1556 810 1603 putaret,
847 1552 952 1590 nihili
979 1552 1166 1590 aestimat.

341 1618 401 1656 De
431 1619 640 1656 ordinanda
673 1619 832 1656 materia
867 1619 906 1655 id
939 1619 1065 1657 statim
1098 1619 1474 1657 animadvertendum

238 1689 314 1732 est,
354 1685 619 1735 Thucydidem
646 1698 750 1723 more
779 1685 948 1723 Sallustii
974 1686 1125 1736 longius
1160 1686 1393 1736 prooemium
1424 1689 1472 1737 (c.

239 1752 382 1801 1—23)
420 1764 489 1789 suo
528 1753 631 1803 operi
659 1752 895 1803 praemisisse
933 1765 1055 1803 neque
1084 1752 1261 1790 Tacitum
1297 1753 1473 1803 prologos

235 1818 473 1870 neglexisse3
503 1819 569 1857 sed
597 1819 635 1856 in
662 1824 876 1870 temporum
902 1819 1046 1858 ratione
1074 1819 1242 1858 adhibita
1270 1819 1472 1858 Sallustius

236 1890 439 1936 utrumque
467 1887 670 1937 superavit.
715 1887 958 1938 Thucydides
986 1892 1025 1924 et
1043 1887 1199 1925 Tacitus
1228 1887 1327 1925 enim
1356 1900 1471 1925 anna-

234 1952 328 1990 lium
368 1953 567 2004 scriptores
604 1954 723 1991 secuti
760 1958 867 2001 sunt,
905 1966 928 1990 a
955 1954 1091 2004 quibus
1126 1954 1227 2003 prior
1263 1967 1307 1991 eo
1344 1959 1470 1992 tamen

234 2019 382 2067 differt,
419 2020 522 2070 quod
548 2033 858 2071 unumquemque
894 2034 1034 2058 annum
1072 2021 1197 2058 denuo
1234 2021 1396 2060 dissecat
1432 2023 1468 2059 in

233 2085 329 2124 duas
356 2091 503 2137 partes,
542 2090 724 2124 aestatem
752 2091 865 2137 atque
892 2088 1066 2124 hiemem.
1122 2087 1230 2131 Quae
1258 2087 1391 2125 divisio
1419 2101 1469 2126 ex

232 2154 315 2205 ipsa
353 2154 557 2201 bellorum,
595 2155 721 2204 qualia
756 2159 845 2192 tunc
883 2159 990 2192 erant
1023 2159 1160 2192 natura
1195 2154 1360 2205 petenda
1397 2160 1465 2193 est.

234 2220 343 2259 Tunc
370 2221 470 2259 enim
498 2221 577 2258 sola
613 2221 690 2258 fere
718 2225 862 2259 aestate
888 2222 1151 2272 pugnabatur,
1188 2221 1311 2259 hieme
1338 2227 1467 2260 autem

231 2289 455 2339 plerumque
477 2288 695 2338 quiescebat
722 2289 861 2326 bellum
889 2294 926 2326 et
952 2289 1143 2339 sequentis
1170 2289 1324 2327 aestatis
1351 2302 1466 2341 expe-

231 2355 395 2393 ditiones
421 2356 756 2405 praeparabantur,
789 2368 902 2405 saepe
930 2356 1044 2393 etiam
1071 2355 1118 2393 de
1145 2368 1238 2405 pace
1266 2356 1463 2405 agebatur.

236 2422 392 2461 Tacitus
421 2422 500 2473 ipse
528 2422 640 2470 dicit,
679 2422 748 2459 sibi
775 2422 967 2460 historiam
997 2434 1044 2459 ex
1073 2422 1231 2473 singulis
1259 2423 1364 2460 almis
1391 2427 1466 2463 tra-
