1685 2878
752 421 913 492 eaput
953 422 1014 477 ΙΙΙ.

366 535 590 572 Sallustium
627 535 675 573 ad
705 535 942 586 Thucydidis
970 535 1104 573 laudes
1132 535 1334 573 accessisse
1361 535 1503 585 gravis-

261 602 342 640 simi
382 606 555 641 auctores
593 606 820 641 statuerunt.
876 602 1048 641 Velleius
1076 602 1303 641 Paterculus
1338 602 1415 650 IL,
1453 603 1502 640 36

261 682 349 707 eum
368 671 585 717 „aemulum
602 669 862 721 Thucydidis“
894 670 998 716 dicit,
1027 683 1142 720 quam
1172 670 1397 707 sententiam
1425 683 1503 707 am-

260 736 397 786 plexus
432 740 488 774 est
523 736 798 780 Quintilianus:
836 736 931 774 Inst.
960 735 1118 774 Rhetor.
1147 735 1223 783 X„
1263 737 1296 774 1.
1351 736 1402 773 At
1428 750 1503 774 non

261 803 418 840 historia
432 804 577 841 cesserit
594 802 751 841 Graecis
771 818 836 840 nec
856 802 1067 854 Thucydidi
1081 817 1264 854 opponere
1280 802 1502 841 Sallustium

262 883 400 907 verear.
464 870 572 914 Quae
613 870 819 908 similitudo
861 882 936 907 non
973 871 1095 908 solum
1132 871 1171 907 in
1207 875 1287 908 tota
1324 870 1503 909 orationis

261 937 407 985 indole,
444 937 511 975 sed
539 938 652 975 etiam
679 938 718 974 in
745 938 942 975 sententiis
969 938 1060 988 ipsis
1089 951 1111 975 a
1140 937 1320 976 Sallustio
1349 951 1369 975 e
1398 937 1502 975 Thu-

262 1004 399 1056 cydide
427 1005 617 1042 translatis
645 1004 821 1043 cernitur.
878 1004 955 1043 Scd
993 1005 1144 1042 omnino
1183 1004 1394 1043 cavendum
1433 1009 1501 1054 est,

261 1084 309 1109 ne
336 1076 479 1110 temere
506 1071 555 1110 ad
573 1071 761 1110 Graecam
788 1076 1018 1110 structuram
1045 1072 1198 1119 referas,
1226 1085 1325 1122 quae
1353 1085 1402 1110 ex
1424 1071 1502 1110 Ro-

261 1150 461 1176 manorum
502 1150 575 1176 usu
616 1143 654 1176 et
690 1138 881 1189 cogitandi
922 1138 1069 1177 ratione
1107 1138 1284 1176 facillime
1321 1128 1502 1190 explicari

260 1206 416 1256 possint.
470 1204 678 1244 Praeterea
714 1206 828 1244 etiam
864 1206 946 1244 aliis
974 1205 1131 1244 Graecis
1158 1205 1403 1257 scriptoribus
1433 1207 1501 1244 im-

260 1272 392 1322 primis
429 1273 640 1310 oratoribus
678 1272 900 1309 Sallustium
941 1273 1122 1310 nonnulla
1161 1272 1301 1310 debere
1341 1276 1501 1321 constat,

260 1338 370 1376 cuius
397 1339 451 1377 rei
478 1351 597 1376 unum
626 1339 844 1389 exemplum
870 1339 985 1389 idque
1013 1339 1263 1377 clarissimum
1278 1339 1501 1378 adscribam.

259 1393 377 1455 Apud
399 1404 623 1442 Sallustium
644 1404 740 1442 Cato
761 1405 970 1443 orationem
991 1418 1099 1443 suam
1118 1406 1172 1443 ita
1191 1406 1341 1456 incipit:
1369 1405 1503 1456 Longe.

259 1471 350 1509 mihi
387 1472 461 1510 alia
493 1484 600 1510 mens
636 1476 713 1520 est,
750 1476 878 1523 patres
906 1472 1128 1524 conscripti,
1166 1485 1253 1511 cum
1293 1485 1353 1510 res
1389 1476 1504 1523 atque

257 1539 426 1589 pericula
453 1543 582 1577 nostra
609 1538 805 1576 considero
834 1543 872 1576 et
899 1552 985 1577 cum
1009 1540 1216 1577 sententias
1234 1540 1502 1577 nonnullorum

257 1618 407 1644 mecum
426 1605 508 1657 ipse
534 1610 668 1657 reputo
688 1610 758 1644 etc.
781 1607 843 1653 52,
868 1607 903 1643 2.
932 1605 1042 1644 Idem
1063 1606 1140 1644 fere
1160 1611 1217 1644 est
1234 1606 1503 1645 Demosthenis

257 1672 321 1709 Or.
360 1674 502 1723 olynth.
541 1674 586 1720 3,
623 1673 792 1710 initium:
857 1670 954 1723 Οῧχὶ
991 1672 1119 1712 ταῦτ-ἂ
1158 1674 1400 1725 παρίσταταί
1434 1689 1500 1724 μοι

255 1736 492 1791 γιγνώσκειν,
521 1735 552 1779 εὖ
570 1737 710 1793 ἄνδρες
729 1735 944 1791 Ἀθηναῖοι,
973 1737 1067 1779 ὅταν
1083 1754 1126 1779 τε
1145 1739 1202 1786 εἷς
1220 1740 1270 1779 τά
1290 1737 1503 1794 πράγματα

256 1806 481 1860 ἀποβλέψω
508 1809 570 1846 καὶ
601 1804 696 1846 ὅταν
722 1805 825 1859 πρὸς
850 1806 945 1850 τούς
970 1797 1118 1858 λόγουξ,
1147 1802 1217 1852 οὓς
1244 1802 1385 1846 οἷκούω.
1425 1805 1501 1844 Sed

255 1873 325 1910 hac
354 1885 394 1910 re
423 1873 561 1910 omissa
589 1873 717 1911 statim
746 1872 934 1923 quaedam
955 1872 1191 1923 Thucydidis
1211 1873 1378 1910 variatae
1404 1876 1501 1910 stru-

256 1945 386 1978 cturae
415 1944 453 1978 et
480 1940 674 1978 brevitatis
703 1941 880 1991 exempla
906 1940 1093 1978 laudabo:

358 2007 518 2044 Numeri
548 2020 678 2055 casus,
716 2019 858 2058 genera
885 2007 1081 2045 nominum
1108 2006 1254 2044 variata
1282 2011 1381 2044 sunt.
1432 2007 1500 2056 IL,

254 2075 315 2111 81.
373 2073 420 2114 Εἰ
444 2074 499 2125 μή
526 2071 658 2126 λόγοις
685 2075 881 2122 πείθοιεν,
908 2071 1011 2128 ἔργῳ
1032 2075 1227 2125 πειρῶντο
1247 2075 1319 2114 τοῦ
1338 2074 1499 2124 τείχους.

252 2141 299 2184 1.,
340 2141 401 2178 73.
449 2136 528 2180 ῗΩιι
556 2137 670 2180 ἇκοαὶ
696 2142 846 2191 μᾶλλον
874 2138 998 2192 λόγοιν
1024 2138 1222 2195 μάρτυρες
1249 2139 1273 2191 ἢ
1300 2138 1398 2195 ὄψις
1423 2142 1501 2181 τῶν

253 2204 540 2257 ἀκουσομένων.
569 2207 688 2263 ,ἾῙῙ.7
732 2208 794 2245 35.
854 2209 941 2247 Τῶν
970 2208 1244 2261 Συρακουσίων
1272 2206 1293 2247 ὁ
1315 2208 1443 2261 δῆμος
1461 2208 1500 2248 ἐν

252 2275 379 2325 πολλῇ
399 2273 502 2326 πρὸς
529 2270 720 2325 ἅλλήλους
739 2272 839 2327 ἔριδι
870 2270 986 2325 ἦσαν,
1025 2275 1063 2314 οἱ
1088 2275 1177 2324 μέν,
1215 2272 1269 2321 aig
1296 2271 1427 2314 οὐδενὶ
1452 2272 1500 2314 ἂν

251 2337 389 2395 τρόπῳ
418 2338 576 2382 ἔλθοιεν
603 2341 640 2382 οἱ
668 2337 890 2393 Ἀθηναῖοι,
926 2337 1012 2382 οὔδ’
1037 2338 1173 2395 ἀληθῆ
1198 2342 1314 2389 ἐστιν,
1344 2338 1371 2383 ἃ
1397 2342 1497 2393 λέγει

250 2412 334 2450 τοῖς
360 2409 415 2457 δέ,
442 2407 481 2447 εἰ
504 2408 568 2448 καὶ
591 2407 756 2447 ἔλθοιεν.
788 2409 825 2447 τί
854 2406 900 2447 ἂν
922 2405 1110 2459 δράσειαν
1131 2406 1285 2455 αὐτούς,
1317 2407 1339 2447 ὅ
1363 2424 1398 2448 τι
1430 2408 1498 2448 οὐκ
