<?xml version="1.0" encoding="UTF-8"?>
<!DOCTYPE html PUBLIC "-//W3C//DTD XHTML 1.0 Transitional//EN"
    "http://www.w3.org/TR/xhtml1/DTD/xhtml1-transitional.dtd">
<html xmlns="http://www.w3.org/1999/xhtml" xml:lang="en" lang="en">
 <head>
  <title>
</title>
<meta http-equiv="Content-Type" content="text/html;charset=utf-8" />
  <meta name='ocr-system' content='tesseract 3.04.00' />
  <meta name='ocr-capabilities' content='ocr_page ocr_carea ocr_par ocr_line ocrx_word'/>
</head>
<body>
  <div class='ocr_page' id='page_1' title='image "./4630401_0022.png"; bbox 0 0 1685 2878; ppageno 0'>
   <div class='ocr_carea' id='block_1_1' title="bbox 740 163 942 207">
    <p class='ocr_par' dir='ltr' id='par_1_1' title="bbox 740 163 942 207">
     <span class='ocr_line' id='line_1_1' title="bbox 740 163 942 207; baseline 0 -11"><span class='ocrx_word' id='word_1_1' title='bbox 740 163 942 207; x_wconf 51' lang='grc' dir='ltr'>..1θὲ</span> 
     </span>
    </p>
   </div>
   <div class='ocr_carea' id='block_1_2' title="bbox 217 288 1513 2422">
    <p class='ocr_par' dir='ltr' id='par_1_2' title="bbox 220 288 1464 1147">
     <span class='ocr_line' id='line_1_2' title="bbox 221 288 1464 339; baseline 0.002 -10"><span class='ocrx_word' id='word_1_2' title='bbox 221 289 378 329; x_wconf 84' lang='lat' dir='ltr'>sissimis</span> <span class='ocrx_word' id='word_1_3' title='bbox 396 291 437 328; x_wconf 89' lang='lat' dir='ltr'>in</span> <span class='ocrx_word' id='word_1_4' title='bbox 455 291 677 330; x_wconf 87' lang='lat' dir='ltr'>societatem</span> <span class='ocrx_word' id='word_1_5' title='bbox 696 291 840 329; x_wconf 90' lang='lat' dir='ltr'>consilii</span> <span class='ocrx_word' id='word_1_6' title='bbox 867 292 1009 339; x_wconf 89' lang='lat' dir='ltr'>tractis,</span> <span class='ocrx_word' id='word_1_7' title='bbox 1037 304 1204 329; x_wconf 90' lang='lat' dir='ltr'>summos</span> <span class='ocrx_word' id='word_1_8' title='bbox 1232 290 1321 329; x_wconf 85' lang='lat' dir='ltr'>belli</span> <span class='ocrx_word' id='word_1_9' title='bbox 1347 288 1464 331; x_wconf 79' lang='lat' dir='ltr'>duces</span> 
     </span>
     <span class='ocr_line' id='line_1_3' title="bbox 220 351 1463 411; baseline 0 -14"><span class='ocrx_word' id='word_1_10' title='bbox 220 372 289 410; x_wconf 90' lang='lat' dir='ltr'>per</span> <span class='ocrx_word' id='word_1_11' title='bbox 316 359 530 411; x_wconf 77' lang='lat' dir='ltr'>complures</span> <span class='ocrx_word' id='word_1_12' title='bbox 566 371 684 397; x_wconf 88' lang='lat' dir='ltr'>annos</span> <span class='ocrx_word' id='word_1_13' title='bbox 721 357 903 396; x_wconf 81' lang='lat' dir='ltr'><strong>eluderet.</strong></span> <span class='ocrx_word' id='word_1_14' title='bbox 958 357 1062 397; x_wconf 90' lang='lat' dir='ltr'>Huic</span> <span class='ocrx_word' id='word_1_15' title='bbox 1104 371 1173 409; x_wconf 89' lang='lat' dir='ltr'>par</span> <span class='ocrx_word' id='word_1_16' title='bbox 1208 351 1359 410; x_wconf 64' lang='lat' dir='ltr'>ingeniix</span> <span class='ocrx_word' id='word_1_17' title='bbox 1384 371 1463 397; x_wconf 87' lang='lat' dir='ltr'>ma-</span> 
     </span>
     <span class='ocr_line' id='line_1_4' title="bbox 220 426 1463 477; baseline -0.002 -12"><span class='ocrx_word' id='word_1_18' title='bbox 220 427 434 477; x_wconf 84' lang='lat' dir='ltr'>gnitudine,</span> <span class='ocrx_word' id='word_1_19' title='bbox 459 426 679 464; x_wconf 89' lang='lat' dir='ltr'>fortitudine</span> <span class='ocrx_word' id='word_1_20' title='bbox 700 439 744 464; x_wconf 88' lang='lat' dir='ltr'>ac</span> <span class='ocrx_word' id='word_1_21' title='bbox 764 426 1004 464; x_wconf 89' lang='lat' dir='ltr'>consiliorum</span> <span class='ocrx_word' id='word_1_22' title='bbox 1025 426 1200 474; x_wconf 85' lang='lat' dir='ltr'>audacia,</span> <span class='ocrx_word' id='word_1_23' title='bbox 1221 426 1355 476; x_wconf 89' lang='lat' dir='ltr'>opibus</span> <span class='ocrx_word' id='word_1_24' title='bbox 1374 439 1463 464; x_wconf 78' lang='lat' dir='ltr'>vero</span> 
     </span>
     <span class='ocr_line' id='line_1_5' title="bbox 221 492 1463 546; baseline -0.002 -14"><span class='ocrx_word' id='word_1_25' title='bbox 221 495 340 533; x_wconf 89' lang='lat' dir='ltr'>multo</span> <span class='ocrx_word' id='word_1_26' title='bbox 369 494 539 546; x_wconf 88' lang='lat' dir='ltr'><strong>superior</strong></span> <span class='ocrx_word' id='word_1_27' title='bbox 561 492 815 541; x_wconf 86' lang='lat' dir='ltr'>Mithridates,</span> <span class='ocrx_word' id='word_1_28' title='bbox 843 493 956 531; x_wconf 85' lang='lat' dir='ltr'><strong>Ponti</strong></span> <span class='ocrx_word' id='word_1_29' title='bbox 983 506 1063 541; x_wconf 84' lang='lat' dir='ltr'>rex,</span> <span class='ocrx_word' id='word_1_30' title='bbox 1091 497 1196 532; x_wconf 89' lang='lat' dir='ltr'>tanto</span> <span class='ocrx_word' id='word_1_31' title='bbox 1224 493 1358 531; x_wconf 88' lang='lat' dir='ltr'>ardore</span> <span class='ocrx_word' id='word_1_32' title='bbox 1385 493 1463 531; x_wconf 86' lang='lat' dir='ltr'>bel-</span> 
     </span>
     <span class='ocr_line' id='line_1_6' title="bbox 221 560 1462 612; baseline -0.002 -12"><span class='ocrx_word' id='word_1_33' title='bbox 221 563 301 600; x_wconf 90' lang='lat' dir='ltr'>lum</span> <span class='ocrx_word' id='word_1_34' title='bbox 328 575 373 600; x_wconf 91' lang='lat' dir='ltr'>eo</span> <span class='ocrx_word' id='word_1_35' title='bbox 401 567 569 612; x_wconf 87' lang='lat' dir='ltr'>tempore</span> <span class='ocrx_word' id='word_1_36' title='bbox 597 574 684 599; x_wconf 89' lang='lat' dir='ltr'>cum</span> <span class='ocrx_word' id='word_1_37' title='bbox 709 561 894 599; x_wconf 85' lang='lat' dir='ltr'>Romanis</span> <span class='ocrx_word' id='word_1_38' title='bbox 920 561 1050 612; x_wconf 79' lang='lat' dir='ltr'><strong>gessit,</strong></span> <span class='ocrx_word' id='word_1_39' title='bbox 1078 564 1122 599; x_wconf 91' lang='lat' dir='ltr'>ut</span> <span class='ocrx_word' id='word_1_40' title='bbox 1148 560 1219 600; x_wconf 88' lang='lat' dir='ltr'>nisi</span> <span class='ocrx_word' id='word_1_41' title='bbox 1246 573 1333 600; x_wconf 91' lang='lat' dir='ltr'>cum</span> <span class='ocrx_word' id='word_1_42' title='bbox 1361 560 1462 599; x_wconf 88' lang='lat' dir='ltr'>exci-</span> 
     </span>
     <span class='ocr_line' id='line_1_7' title="bbox 221 628 1460 679; baseline -0.001 -13"><span class='ocrx_word' id='word_1_43' title='bbox 221 629 284 666; x_wconf 88' lang='lat' dir='ltr'>dio</span> <span class='ocrx_word' id='word_1_44' title='bbox 312 629 460 679; x_wconf 88' lang='lat' dir='ltr'>imperii</span> <span class='ocrx_word' id='word_1_45' title='bbox 485 628 650 666; x_wconf 89' lang='lat' dir='ltr'>Romani</span> <span class='ocrx_word' id='word_1_46' title='bbox 677 628 819 666; x_wconf 91' lang='lat' dir='ltr'>bellum</span> <span class='ocrx_word' id='word_1_47' title='bbox 846 628 1021 666; x_wconf 89' lang='lat' dir='ltr'>finiturus</span> <span class='ocrx_word' id='word_1_48' title='bbox 1049 641 1130 666; x_wconf 90' lang='lat' dir='ltr'>esse</span> <span class='ocrx_word' id='word_1_49' title='bbox 1158 640 1232 665; x_wconf 90' lang='lat' dir='ltr'>non</span> <span class='ocrx_word' id='word_1_50' title='bbox 1256 628 1460 666; x_wconf 87' lang='lat' dir='ltr'>videretur.</span> 
     </span>
     <span class='ocr_line' id='line_1_8' title="bbox 220 693 1462 745; baseline -0.002 -11"><span class='ocrx_word' id='word_1_51' title='bbox 220 696 427 734; x_wconf 89' lang='lat' dir='ltr'>Praeterea</span> <span class='ocrx_word' id='word_1_52' title='bbox 454 694 589 733; x_wconf 89' lang='lat' dir='ltr'>eodem</span> <span class='ocrx_word' id='word_1_53' title='bbox 616 700 785 745; x_wconf 88' lang='lat' dir='ltr'>tempore</span> <span class='ocrx_word' id='word_1_54' title='bbox 820 707 894 745; x_wconf 93' lang='lat' dir='ltr'>quo</span> <span class='ocrx_word' id='word_1_55' title='bbox 931 695 969 732; x_wconf 86' lang='lat' dir='ltr'>in</span> <span class='ocrx_word' id='word_1_56' title='bbox 996 694 1183 745; x_wconf 81' lang='lat' dir='ltr'>Hispania</span> <span class='ocrx_word' id='word_1_57' title='bbox 1219 707 1306 732; x_wconf 92' lang='lat' dir='ltr'>cum</span> <span class='ocrx_word' id='word_1_58' title='bbox 1335 693 1462 732; x_wconf 81' lang='lat' dir='ltr'>Serto-</span> 
     </span>
     <span class='ocr_line' id='line_1_9' title="bbox 221 759 1463 812; baseline -0.001 -12"><span class='ocrx_word' id='word_1_59' title='bbox 221 764 298 810; x_wconf 88' lang='lat' dir='ltr'>rio,</span> <span class='ocrx_word' id='word_1_60' title='bbox 334 763 374 800; x_wconf 90' lang='lat' dir='ltr'>in</span> <span class='ocrx_word' id='word_1_61' title='bbox 399 762 624 800; x_wconf 84' lang='lat' dir='ltr'>Macedonia</span> <span class='ocrx_word' id='word_1_62' title='bbox 651 766 689 800; x_wconf 91' lang='lat' dir='ltr'>et</span> <span class='ocrx_word' id='word_1_63' title='bbox 717 759 879 801; x_wconf 83' lang='lat' dir='ltr'>Thracia</span> <span class='ocrx_word' id='word_1_64' title='bbox 906 775 993 800; x_wconf 92' lang='lat' dir='ltr'>cum</span> <span class='ocrx_word' id='word_1_65' title='bbox 1020 761 1260 800; x_wconf 84' lang='lat' dir='ltr'>ferocissimis</span> <span class='ocrx_word' id='word_1_66' title='bbox 1287 761 1463 812; x_wconf 88' lang='lat' dir='ltr'>gentibus</span> 
     </span>
     <span class='ocr_line' id='line_1_10' title="bbox 222 828 1463 879; baseline -0.002 -13"><span class='ocrx_word' id='word_1_67' title='bbox 222 829 442 867; x_wconf 85' lang='lat' dir='ltr'>bellandum</span> <span class='ocrx_word' id='word_1_68' title='bbox 470 834 561 867; x_wconf 91' lang='lat' dir='ltr'>erat.</span> <span class='ocrx_word' id='word_1_69' title='bbox 618 829 689 866; x_wconf 84' lang='lat' dir='ltr'>His</span> <span class='ocrx_word' id='word_1_70' title='bbox 717 829 835 879; x_wconf 88' lang='lat' dir='ltr'>igitur</span> <span class='ocrx_word' id='word_1_71' title='bbox 861 829 967 867; x_wconf 88' lang='lat' dir='ltr'>bellis</span> <span class='ocrx_word' id='word_1_72' title='bbox 993 829 1242 879; x_wconf 86' lang='lat' dir='ltr'>flagrantibus</span> <span class='ocrx_word' id='word_1_73' title='bbox 1270 840 1388 878; x_wconf 91' lang='lat' dir='ltr'>quum</span> <span class='ocrx_word' id='word_1_74' title='bbox 1425 828 1463 864; x_wconf 91' lang='lat' dir='ltr'>in</span> 
     </span>
     <span class='ocr_line' id='line_1_11' title="bbox 222 895 1462 947; baseline -0.001 -13"><span class='ocrx_word' id='word_1_75' title='bbox 222 897 316 935; x_wconf 88' lang='lat' dir='ltr'>urbe</span> <span class='ocrx_word' id='word_1_76' title='bbox 345 897 526 935; x_wconf 84' lang='lat' dir='ltr'>factiones</span> <span class='ocrx_word' id='word_1_77' title='bbox 554 896 602 935; x_wconf 91' lang='lat' dir='ltr'>de</span> <span class='ocrx_word' id='word_1_78' title='bbox 630 896 786 947; x_wconf 88' lang='lat' dir='ltr'>imperio</span> <span class='ocrx_word' id='word_1_79' title='bbox 815 896 1057 944; x_wconf 78' lang='lat' dir='ltr'>dimicarent,</span> <span class='ocrx_word' id='word_1_80' title='bbox 1094 895 1253 934; x_wconf 90' lang='lat' dir='ltr'>dubium</span> <span class='ocrx_word' id='word_1_81' title='bbox 1289 907 1371 933; x_wconf 87' lang='lat' dir='ltr'>esse</span> <span class='ocrx_word' id='word_1_82' title='bbox 1399 907 1462 933; x_wconf 89' lang='lat' dir='ltr'>ne-</span> 
     </span>
     <span class='ocr_line' id='line_1_12' title="bbox 222 962 1461 1015; baseline -0.001 -14"><span class='ocrx_word' id='word_1_83' title='bbox 222 965 314 1001; x_wconf 89' lang='lat' dir='ltr'>mini</span> <span class='ocrx_word' id='word_1_84' title='bbox 337 968 500 1015; x_wconf 88' lang='lat' dir='ltr'>poterat,</span> <span class='ocrx_word' id='word_1_85' title='bbox 529 964 619 1014; x_wconf 93' lang='lat' dir='ltr'>quin</span> <span class='ocrx_word' id='word_1_86' title='bbox 638 968 759 1001; x_wconf 84' lang='lat' dir='ltr'>status</span> <span class='ocrx_word' id='word_1_87' title='bbox 780 964 833 1002; x_wconf 89' lang='lat' dir='ltr'>rei</span> <span class='ocrx_word' id='word_1_88' title='bbox 851 965 1025 1014; x_wconf 88' lang='lat' dir='ltr'>publicae</span> <span class='ocrx_word' id='word_1_89' title='bbox 1053 963 1091 1000; x_wconf 91' lang='lat' dir='ltr'>in</span> <span class='ocrx_word' id='word_1_90' title='bbox 1118 976 1310 1001; x_wconf 84' lang='lat' dir='ltr'>summum</span> <span class='ocrx_word' id='word_1_91' title='bbox 1333 962 1461 1000; x_wconf 90' lang='lat' dir='ltr'>discri-</span> 
     </span>
     <span class='ocr_line' id='line_1_13' title="bbox 221 1030 1463 1079; baseline 0 -11"><span class='ocrx_word' id='word_1_92' title='bbox 221 1044 310 1068; x_wconf 89' lang='lat' dir='ltr'>men</span> <span class='ocrx_word' id='word_1_93' title='bbox 337 1035 437 1069; x_wconf 85' lang='lat' dir='ltr'>esset</span> <span class='ocrx_word' id='word_1_94' title='bbox 462 1035 642 1079; x_wconf 74' lang='lat' dir='ltr'>vocatus3</span> <span class='ocrx_word' id='word_1_95' title='bbox 671 1030 771 1068; x_wconf 87' lang='lat' dir='ltr'>unde</span> <span class='ocrx_word' id='word_1_96' title='bbox 799 1031 989 1069; x_wconf 89' lang='lat' dir='ltr'>uberrima</span> <span class='ocrx_word' id='word_1_97' title='bbox 1008 1030 1167 1068; x_wconf 84' lang='lat' dir='ltr'>materia</span> <span class='ocrx_word' id='word_1_98' title='bbox 1184 1030 1362 1069; x_wconf 77' lang='lat' dir='ltr'>historiae</span> <span class='ocrx_word' id='word_1_99' title='bbox 1383 1034 1463 1069; x_wconf 83' lang='lat' dir='ltr'>erat</span> 
     </span>
     <span class='ocr_line' id='line_1_14' title="bbox 221 1097 399 1147; baseline 0 -13"><span class='ocrx_word' id='word_1_100' title='bbox 221 1097 399 1147; x_wconf 86' lang='lat' dir='ltr'>petenda.</span> 
     </span>
    </p>

    <p class='ocr_par' dir='ltr' id='par_1_3' title="bbox 217 1163 1513 2422">
     <span class='ocr_line' id='line_1_15' title="bbox 327 1163 1462 1215; baseline -0.001 -14"><span class='ocrx_word' id='word_1_101' title='bbox 327 1163 404 1202; x_wconf 83' lang='lat' dir='ltr'>Sed</span> <span class='ocrx_word' id='word_1_102' title='bbox 441 1176 516 1201; x_wconf 93' lang='lat' dir='ltr'>non</span> <span class='ocrx_word' id='word_1_103' title='bbox 553 1164 675 1201; x_wconf 84' lang='lat' dir='ltr'>solum</span> <span class='ocrx_word' id='word_1_104' title='bbox 711 1164 890 1202; x_wconf 90' lang='lat' dir='ltr'>idoneum</span> <span class='ocrx_word' id='word_1_105' title='bbox 927 1168 1195 1215; x_wconf 81' lang='lat' dir='ltr'>argumentum</span> <span class='ocrx_word' id='word_1_106' title='bbox 1222 1163 1357 1215; x_wconf 89' lang='lat' dir='ltr'>elegit,</span> <span class='ocrx_word' id='word_1_107' title='bbox 1396 1163 1462 1201; x_wconf 89' lang='lat' dir='ltr'>sed</span> 
     </span>
     <span class='ocr_line' id='line_1_16' title="bbox 222 1230 1463 1281; baseline 0.001 -14"><span class='ocrx_word' id='word_1_108' title='bbox 222 1231 337 1269; x_wconf 85' lang='lat' dir='ltr'>ctiam</span> <span class='ocrx_word' id='word_1_109' title='bbox 365 1244 404 1269; x_wconf 86' lang='lat' dir='ltr'>se</span> <span class='ocrx_word' id='word_1_110' title='bbox 432 1231 620 1281; x_wconf 87' lang='lat' dir='ltr'>praestitit</span> <span class='ocrx_word' id='word_1_111' title='bbox 647 1231 822 1268; x_wconf 89' lang='lat' dir='ltr'>narrandi</span> <span class='ocrx_word' id='word_1_112' title='bbox 850 1231 1043 1269; x_wconf 86' lang='lat' dir='ltr'>artificem.</span> <span class='ocrx_word' id='word_1_113' title='bbox 1077 1231 1132 1269; x_wconf 83' lang='lat' dir='ltr'>Ut</span> <span class='ocrx_word' id='word_1_114' title='bbox 1158 1235 1304 1269; x_wconf 88' lang='lat' dir='ltr'>taceam</span> <span class='ocrx_word' id='word_1_115' title='bbox 1332 1230 1380 1269; x_wconf 92' lang='lat' dir='ltr'>de</span> <span class='ocrx_word' id='word_1_116' title='bbox 1408 1231 1463 1268; x_wconf 90' lang='lat' dir='ltr'>lu-</span> 
     </span>
     <span class='ocr_line' id='line_1_17' title="bbox 221 1297 1513 1348; baseline 0.001 -14"><span class='ocrx_word' id='word_1_117' title='bbox 221 1297 305 1335; x_wconf 83' lang='lat' dir='ltr'>cido</span> <span class='ocrx_word' id='word_1_118' title='bbox 343 1297 473 1335; x_wconf 87' lang='lat' dir='ltr'>ordine</span> <span class='ocrx_word' id='word_1_119' title='bbox 510 1302 548 1335; x_wconf 87' lang='lat' dir='ltr'>et</span> <span class='ocrx_word' id='word_1_120' title='bbox 584 1301 673 1347; x_wconf 78' lang='lat' dir='ltr'>apta</span> <span class='ocrx_word' id='word_1_121' title='bbox 709 1302 1021 1348; x_wconf 86' lang='lat' dir='ltr'>argumentorum</span> <span class='ocrx_word' id='word_1_122' title='bbox 1059 1298 1303 1348; x_wconf 81' lang='lat' dir='ltr'>dispositione</span> <span class='ocrx_word' id='word_1_123' title='bbox 1348 1302 1462 1348; x_wconf 85' lang='lat' dir='ltr'>atque</span> <span class='ocrx_word' id='word_1_124' title='bbox 1506 1337 1513 1343; x_wconf 67' lang='grc'><strong>,</strong></span> 
     </span>
     <span class='ocr_line' id='line_1_18' title="bbox 222 1364 1463 1416; baseline 0.001 -13"><span class='ocrx_word' id='word_1_125' title='bbox 222 1365 479 1413; x_wconf 79' lang='lat' dir='ltr'>collocatione,</span> <span class='ocrx_word' id='word_1_126' title='bbox 508 1365 596 1403; x_wconf 90' lang='lat' dir='ltr'>fecit</span> <span class='ocrx_word' id='word_1_127' title='bbox 614 1364 821 1414; x_wconf 75' lang='lat' dir='ltr'>historiam,</span> <span class='ocrx_word' id='word_1_128' title='bbox 845 1378 959 1416; x_wconf 85' lang='lat' dir='ltr'>quam</span> <span class='ocrx_word' id='word_1_129' title='bbox 979 1377 1158 1403; x_wconf 87' lang='lat' dir='ltr'>vocamus</span> <span class='ocrx_word' id='word_1_130' title='bbox 1175 1364 1463 1416; x_wconf 82' lang='lat' dir='ltr'>pragmaticam,</span> 
     </span>
     <span class='ocr_line' id='line_1_19' title="bbox 220 1432 1464 1482; baseline 0 -13"><span class='ocrx_word' id='word_1_131' title='bbox 220 1444 338 1481; x_wconf 92' lang='lat' dir='ltr'>quum</span> <span class='ocrx_word' id='word_1_132' title='bbox 365 1444 441 1469; x_wconf 90' lang='lat' dir='ltr'>non</span> <span class='ocrx_word' id='word_1_133' title='bbox 469 1432 594 1469; x_wconf 85' lang='lat' dir='ltr'>solum</span> <span class='ocrx_word' id='word_1_134' title='bbox 610 1432 701 1482; x_wconf 92' lang='lat' dir='ltr'>quid</span> <span class='ocrx_word' id='word_1_135' title='bbox 721 1435 872 1482; x_wconf 85' lang='lat' dir='ltr'>gestum</span> <span class='ocrx_word' id='word_1_136' title='bbox 900 1432 948 1469; x_wconf 88' lang='lat' dir='ltr'>sit</span> <span class='ocrx_word' id='word_1_137' title='bbox 975 1435 1013 1469; x_wconf 91' lang='lat' dir='ltr'>et</span> <span class='ocrx_word' id='word_1_138' title='bbox 1031 1432 1233 1481; x_wconf 88' lang='lat' dir='ltr'>quomodo,</span> <span class='ocrx_word' id='word_1_139' title='bbox 1261 1432 1328 1469; x_wconf 87' lang='lat' dir='ltr'>sed</span> <span class='ocrx_word' id='word_1_140' title='bbox 1349 1432 1464 1470; x_wconf 87' lang='lat' dir='ltr'>etiam</span> 
     </span>
     <span class='ocr_line' id='line_1_20' title="bbox 220 1498 1461 1550; baseline 0 -13"><span class='ocrx_word' id='word_1_141' title='bbox 220 1499 358 1549; x_wconf 84' lang='lat' dir='ltr'>quibus</span> <span class='ocrx_word' id='word_1_142' title='bbox 386 1499 434 1537; x_wconf 88' lang='lat' dir='ltr'>de</span> <span class='ocrx_word' id='word_1_143' title='bbox 462 1499 586 1537; x_wconf 82' lang='lat' dir='ltr'>causis</span> <span class='ocrx_word' id='word_1_144' title='bbox 614 1504 652 1537; x_wconf 88' lang='lat' dir='ltr'>et</span> <span class='ocrx_word' id='word_1_145' title='bbox 675 1498 935 1538; x_wconf 88' lang='lat' dir='ltr'>occasionibus</span> <span class='ocrx_word' id='word_1_146' title='bbox 955 1503 1083 1537; x_wconf 88' lang='lat' dir='ltr'>actum</span> <span class='ocrx_word' id='word_1_147' title='bbox 1110 1503 1149 1537; x_wconf 84' lang='lat' dir='ltr'>et</span> <span class='ocrx_word' id='word_1_148' title='bbox 1175 1498 1266 1550; x_wconf 91' lang='lat' dir='ltr'>quid</span> <span class='ocrx_word' id='word_1_149' title='bbox 1294 1498 1382 1537; x_wconf 90' lang='lat' dir='ltr'>inde</span> <span class='ocrx_word' id='word_1_150' title='bbox 1409 1498 1461 1537; x_wconf 88' lang='lat' dir='ltr'>ef-</span> 
     </span>
     <span class='ocr_line' id='line_1_21' title="bbox 220 1566 1464 1616; baseline 0 -14"><span class='ocrx_word' id='word_1_151' title='bbox 220 1566 360 1603; x_wconf 88' lang='lat' dir='ltr'>fectum</span> <span class='ocrx_word' id='word_1_152' title='bbox 388 1566 438 1603; x_wconf 87' lang='lat' dir='ltr'>sit</span> <span class='ocrx_word' id='word_1_153' title='bbox 465 1566 615 1616; x_wconf 86' lang='lat' dir='ltr'>(Cicero</span> <span class='ocrx_word' id='word_1_154' title='bbox 644 1567 692 1604; x_wconf 91' lang='lat' dir='ltr'>de</span> <span class='ocrx_word' id='word_1_155' title='bbox 720 1566 825 1604; x_wconf 85' lang='lat' dir='ltr'>Orat.</span> <span class='ocrx_word' id='word_1_156' title='bbox 854 1566 922 1612; x_wconf 92' lang='lat' dir='ltr'>II.,</span> <span class='ocrx_word' id='word_1_157' title='bbox 953 1567 1030 1614; x_wconf 85' lang='lat'>18),</span> <span class='ocrx_word' id='word_1_158' title='bbox 1059 1566 1233 1616; x_wconf 84' lang='lat' dir='ltr'>explicet.</span> <span class='ocrx_word' id='word_1_159' title='bbox 1269 1566 1398 1609; x_wconf 84' lang='lat' dir='ltr'>Quare</span> <span class='ocrx_word' id='word_1_160' title='bbox 1425 1566 1464 1603; x_wconf 92' lang='lat' dir='ltr'>in</span> 
     </span>
     <span class='ocr_line' id='line_1_22' title="bbox 220 1632 1463 1683; baseline 0.001 -13"><span class='ocrx_word' id='word_1_161' title='bbox 220 1645 352 1670; x_wconf 86' lang='lat' dir='ltr'>eorum</span> <span class='ocrx_word' id='word_1_162' title='bbox 380 1633 548 1671; x_wconf 86' lang='lat' dir='ltr'>moribus</span> <span class='ocrx_word' id='word_1_163' title='bbox 576 1632 820 1680; x_wconf 82' lang='lat' dir='ltr'>illustrandis,</span> <span class='ocrx_word' id='word_1_164' title='bbox 849 1632 913 1683; x_wconf 92' lang='lat' dir='ltr'>qui</span> <span class='ocrx_word' id='word_1_165' title='bbox 940 1632 1082 1683; x_wconf 91' lang='lat' dir='ltr'>ingenii</span> <span class='ocrx_word' id='word_1_166' title='bbox 1100 1632 1243 1670; x_wconf 85' lang='lat' dir='ltr'>viribus</span> <span class='ocrx_word' id='word_1_167' title='bbox 1262 1633 1463 1681; x_wconf 84' lang='lat' dir='ltr'>excellant,</span> 
     </span>
     <span class='ocr_line' id='line_1_23' title="bbox 218 1699 1463 1751; baseline 0 -15"><span class='ocrx_word' id='word_1_168' title='bbox 218 1700 361 1737; x_wconf 87' lang='lat' dir='ltr'>multus</span> <span class='ocrx_word' id='word_1_169' title='bbox 390 1705 459 1737; x_wconf 89' lang='lat' dir='ltr'>est.</span> <span class='ocrx_word' id='word_1_170' title='bbox 489 1700 590 1738; x_wconf 84' lang='lat' dir='ltr'>Nam</span> <span class='ocrx_word' id='word_1_171' title='bbox 616 1701 689 1737; x_wconf 90' lang='lat' dir='ltr'>illis</span> <span class='ocrx_word' id='word_1_172' title='bbox 717 1700 950 1750; x_wconf 87' lang='lat' dir='ltr'>temporibus</span> <span class='ocrx_word' id='word_1_173' title='bbox 978 1699 1205 1737; x_wconf 86' lang='lat' dir='ltr'>turbulentis</span> <span class='ocrx_word' id='word_1_174' title='bbox 1225 1700 1351 1738; x_wconf 88' lang='lat' dir='ltr'>omnia</span> <span class='ocrx_word' id='word_1_175' title='bbox 1369 1712 1463 1751; x_wconf 87' lang='lat' dir='ltr'>pau-</span> 
     </span>
     <span class='ocr_line' id='line_1_24' title="bbox 221 1766 1464 1818; baseline 0 -14"><span class='ocrx_word' id='word_1_176' title='bbox 221 1779 352 1804; x_wconf 91' lang='lat' dir='ltr'>corum</span> <span class='ocrx_word' id='word_1_177' title='bbox 380 1767 575 1805; x_wconf 91' lang='lat' dir='ltr'>hominum</span> <span class='ocrx_word' id='word_1_178' title='bbox 612 1766 738 1805; x_wconf 89' lang='lat' dir='ltr'>studio</span> <span class='ocrx_word' id='word_1_179' title='bbox 773 1770 887 1817; x_wconf 86' lang='lat' dir='ltr'>atque</span> <span class='ocrx_word' id='word_1_180' title='bbox 917 1778 1032 1817; x_wconf 83' lang='lat' dir='ltr'>opera</span> <span class='ocrx_word' id='word_1_181' title='bbox 1058 1767 1306 1818; x_wconf 86' lang='lat' dir='ltr'>gerebantur,</span> <span class='ocrx_word' id='word_1_182' title='bbox 1341 1767 1395 1805; x_wconf 88' lang='lat' dir='ltr'>ita</span> <span class='ocrx_word' id='word_1_183' title='bbox 1420 1771 1464 1804; x_wconf 88' lang='lat' dir='ltr'>ut</span> 
     </span>
     <span class='ocr_line' id='line_1_25' title="bbox 219 1833 1463 1884; baseline 0.001 -13"><span class='ocrx_word' id='word_1_184' title='bbox 219 1846 318 1884; x_wconf 91' lang='lat' dir='ltr'>quae</span> <span class='ocrx_word' id='word_1_185' title='bbox 356 1834 542 1871; x_wconf 82' lang='lat' dir='ltr'>inirentur</span> <span class='ocrx_word' id='word_1_186' title='bbox 578 1837 647 1871; x_wconf 83' lang='lat' dir='ltr'>aut</span> <span class='ocrx_word' id='word_1_187' title='bbox 684 1833 732 1870; x_wconf 85' lang='lat' dir='ltr'>ad</span> <span class='ocrx_word' id='word_1_188' title='bbox 770 1833 1012 1871; x_wconf 82' lang='lat' dir='ltr'>evertendam</span> <span class='ocrx_word' id='word_1_189' title='bbox 1048 1838 1115 1871; x_wconf 86' lang='lat' dir='ltr'>aut</span> <span class='ocrx_word' id='word_1_190' title='bbox 1151 1834 1199 1872; x_wconf 85' lang='lat' dir='ltr'>ad</span> <span class='ocrx_word' id='word_1_191' title='bbox 1240 1833 1463 1872; x_wconf 85' lang='lat' dir='ltr'>servandam</span> 
     </span>
     <span class='ocr_line' id='line_1_26' title="bbox 219 1900 1463 1952; baseline 0.001 -14"><span class='ocrx_word' id='word_1_192' title='bbox 219 1913 299 1938; x_wconf 87' lang='lat' dir='ltr'>rem</span> <span class='ocrx_word' id='word_1_193' title='bbox 328 1900 532 1952; x_wconf 86' lang='lat' dir='ltr'>publicam,</span> <span class='ocrx_word' id='word_1_194' title='bbox 561 1913 606 1938; x_wconf 86' lang='lat' dir='ltr'>ea</span> <span class='ocrx_word' id='word_1_195' title='bbox 633 1912 845 1951; x_wconf 83' lang='lat' dir='ltr'>paucorum</span> <span class='ocrx_word' id='word_1_196' title='bbox 871 1900 1065 1938; x_wconf 87' lang='lat' dir='ltr'>hominum</span> <span class='ocrx_word' id='word_1_197' title='bbox 1093 1905 1230 1950; x_wconf 88' lang='lat' dir='ltr'>essent,</span> <span class='ocrx_word' id='word_1_198' title='bbox 1259 1913 1378 1952; x_wconf 91' lang='lat' dir='ltr'>quum</span> <span class='ocrx_word' id='word_1_199' title='bbox 1404 1914 1463 1939; x_wconf 80' lang='lat' dir='ltr'>ce-</span> 
     </span>
     <span class='ocr_line' id='line_1_27' title="bbox 217 1968 1462 2019; baseline 0.001 -13"><span class='ocrx_word' id='word_1_200' title='bbox 217 1968 289 2006; x_wconf 88' lang='lat' dir='ltr'>teri</span> <span class='ocrx_word' id='word_1_201' title='bbox 326 1969 451 2018; x_wconf 84' lang='lat' dir='ltr'>gratia</span> <span class='ocrx_word' id='word_1_202' title='bbox 489 1969 548 2006; x_wconf 87' lang='lat' dir='ltr'>vel</span> <span class='ocrx_word' id='word_1_203' title='bbox 585 1968 762 2019; x_wconf 88' lang='lat' dir='ltr'>praemiis</span> <span class='ocrx_word' id='word_1_204' title='bbox 797 1968 1009 2007; x_wconf 86' lang='lat' dir='ltr'>libertatem</span> <span class='ocrx_word' id='word_1_205' title='bbox 1055 1969 1224 2007; x_wconf 87' lang='lat' dir='ltr'>venalem</span> <span class='ocrx_word' id='word_1_206' title='bbox 1269 1969 1462 2008; x_wconf 83' lang='lat' dir='ltr'>haberent.</span> 
     </span>
     <span class='ocr_line' id='line_1_28' title="bbox 218 2035 1464 2086; baseline 0.002 -14"><span class='ocrx_word' id='word_1_207' title='bbox 218 2035 350 2085; x_wconf 88' lang='lat' dir='ltr'>Atque</span> <span class='ocrx_word' id='word_1_208' title='bbox 379 2035 463 2072; x_wconf 90' lang='lat' dir='ltr'>illos</span> <span class='ocrx_word' id='word_1_209' title='bbox 490 2035 636 2073; x_wconf 85' lang='lat' dir='ltr'>inducit</span> <span class='ocrx_word' id='word_1_210' title='bbox 654 2036 872 2086; x_wconf 80' lang='lat' dir='ltr'>loquentes3</span> <span class='ocrx_word' id='word_1_211' title='bbox 900 2036 1131 2073; x_wconf 87' lang='lat' dir='ltr'>orationibus</span> <span class='ocrx_word' id='word_1_212' title='bbox 1159 2036 1258 2074; x_wconf 90' lang='lat' dir='ltr'>enim</span> <span class='ocrx_word' id='word_1_213' title='bbox 1276 2047 1399 2074; x_wconf 78' lang='lat' dir='ltr'>mores</span> <span class='ocrx_word' id='word_1_214' title='bbox 1426 2041 1464 2075; x_wconf 89' lang='lat' dir='ltr'>et</span> 
     </span>
     <span class='ocr_line' id='line_1_29' title="bbox 218 2102 1464 2154; baseline 0.002 -16"><span class='ocrx_word' id='word_1_215' title='bbox 218 2102 372 2152; x_wconf 88' lang='lat' dir='ltr'>ingenia</span> <span class='ocrx_word' id='word_1_216' title='bbox 389 2102 585 2140; x_wconf 88' lang='lat' dir='ltr'>hominum</span> <span class='ocrx_word' id='word_1_217' title='bbox 612 2103 731 2140; x_wconf 85' lang='lat' dir='ltr'>multo</span> <span class='ocrx_word' id='word_1_218' title='bbox 751 2102 1024 2153; x_wconf 85' lang='lat' dir='ltr'>significantius</span> <span class='ocrx_word' id='word_1_219' title='bbox 1044 2103 1320 2154; x_wconf 86' lang='lat' dir='ltr'>exprimuntur,</span> <span class='ocrx_word' id='word_1_220' title='bbox 1349 2116 1464 2154; x_wconf 91' lang='lat' dir='ltr'>quam</span> 
     </span>
     <span class='ocr_line' id='line_1_30' title="bbox 220 2168 1465 2219; baseline 0.002 -14"><span class='ocrx_word' id='word_1_221' title='bbox 220 2168 250 2204; x_wconf 84' lang='lat' dir='ltr'>si</span> <span class='ocrx_word' id='word_1_222' title='bbox 278 2180 339 2205; x_wconf 88' lang='lat' dir='ltr'>res</span> <span class='ocrx_word' id='word_1_223' title='bbox 367 2168 414 2205; x_wconf 85' lang='lat' dir='ltr'>ab</span> <span class='ocrx_word' id='word_1_224' title='bbox 452 2168 497 2205; x_wconf 90' lang='lat' dir='ltr'>iis</span> <span class='ocrx_word' id='word_1_225' title='bbox 534 2173 666 2218; x_wconf 83' lang='lat' dir='ltr'>gestae</span> <span class='ocrx_word' id='word_1_226' title='bbox 694 2173 905 2206; x_wconf 87' lang='lat' dir='ltr'>narrantur.</span> <span class='ocrx_word' id='word_1_227' title='bbox 960 2169 1097 2219; x_wconf 87' lang='lat' dir='ltr'>Neque</span> <span class='ocrx_word' id='word_1_228' title='bbox 1124 2170 1200 2207; x_wconf 87' lang='lat' dir='ltr'>scio</span> <span class='ocrx_word' id='word_1_229' title='bbox 1239 2182 1287 2207; x_wconf 88' lang='lat' dir='ltr'>an</span> <span class='ocrx_word' id='word_1_230' title='bbox 1313 2174 1465 2219; x_wconf 86' lang='lat' dir='ltr'>praeter</span> 
     </span>
     <span class='ocr_line' id='line_1_31' title="bbox 218 2234 1463 2287; baseline 0.002 -15"><span class='ocrx_word' id='word_1_231' title='bbox 218 2234 488 2286; x_wconf 85' lang='lat' dir='ltr'>Thucydidem</span> <span class='ocrx_word' id='word_1_232' title='bbox 509 2235 579 2273; x_wconf 86' lang='lat' dir='ltr'>hac</span> <span class='ocrx_word' id='word_1_233' title='bbox 607 2235 645 2272; x_wconf 90' lang='lat' dir='ltr'>in</span> <span class='ocrx_word' id='word_1_234' title='bbox 671 2248 711 2273; x_wconf 88' lang='lat' dir='ltr'>re</span> <span class='ocrx_word' id='word_1_235' title='bbox 731 2236 857 2273; x_wconf 88' lang='lat' dir='ltr'>nullus</span> <span class='ocrx_word' id='word_1_236' title='bbox 877 2236 1035 2287; x_wconf 86' lang='lat' dir='ltr'>scriptor</span> <span class='ocrx_word' id='word_1_237' title='bbox 1053 2236 1134 2274; x_wconf 90' lang='lat' dir='ltr'>eius</span> <span class='ocrx_word' id='word_1_238' title='bbox 1153 2235 1306 2275; x_wconf 89' lang='lat' dir='ltr'>laudem</span> <span class='ocrx_word' id='word_1_239' title='bbox 1323 2249 1463 2287; x_wconf 84' lang='lat' dir='ltr'>aequa-</span> 
     </span>
     <span class='ocr_line' id='line_1_32' title="bbox 217 2301 1463 2354; baseline 0.003 -16"><span class='ocrx_word' id='word_1_240' title='bbox 217 2301 326 2349; x_wconf 77' lang='lat' dir='ltr'>verit,</span> <span class='ocrx_word' id='word_1_241' title='bbox 356 2314 474 2352; x_wconf 91' lang='lat' dir='ltr'>quum</span> <span class='ocrx_word' id='word_1_242' title='bbox 503 2302 594 2339; x_wconf 90' lang='lat' dir='ltr'>nihil</span> <span class='ocrx_word' id='word_1_243' title='bbox 622 2303 802 2353; x_wconf 89' lang='lat' dir='ltr'>scriptum</span> <span class='ocrx_word' id='word_1_244' title='bbox 830 2303 898 2351; x_wconf 85' lang='lat' dir='ltr'>sit,</span> <span class='ocrx_word' id='word_1_245' title='bbox 931 2302 1032 2353; x_wconf 91' lang='lat' dir='ltr'>quod</span> <span class='ocrx_word' id='word_1_246' title='bbox 1060 2304 1120 2340; x_wconf 88' lang='lat' dir='ltr'>vel</span> <span class='ocrx_word' id='word_1_247' title='bbox 1148 2316 1170 2341; x_wconf 80' lang='lat' dir='ltr'>a</span> <span class='ocrx_word' id='word_1_248' title='bbox 1196 2303 1463 2354; x_wconf 86' lang='lat' dir='ltr'>probabilitate</span> 
     </span>
     <span class='ocr_line' id='line_1_33' title="bbox 219 2368 1462 2422; baseline 0.002 -15"><span class='ocrx_word' id='word_1_249' title='bbox 219 2369 277 2407; x_wconf 69' lang='lat' dir='ltr'>vel</span> <span class='ocrx_word' id='word_1_250' title='bbox 308 2368 356 2406; x_wconf 83' lang='lat' dir='ltr'>ab</span> <span class='ocrx_word' id='word_1_251' title='bbox 385 2368 510 2407; x_wconf 83' lang='lat' dir='ltr'>indole</span> <span class='ocrx_word' id='word_1_252' title='bbox 539 2368 743 2408; x_wconf 87' lang='lat' dir='ltr'>dicentium</span> <span class='ocrx_word' id='word_1_253' title='bbox 771 2370 982 2409; x_wconf 86' lang='lat' dir='ltr'>abhorreat.</span> <span class='ocrx_word' id='word_1_254' title='bbox 1026 2369 1079 2408; x_wconf 67' lang='lat' dir='ltr'>rt</span> <span class='ocrx_word' id='word_1_255' title='bbox 1107 2370 1283 2422; x_wconf 84' lang='lat' dir='ltr'>exempla</span> <span class='ocrx_word' id='word_1_256' title='bbox 1310 2370 1462 2419; x_wconf 82' lang='lat' dir='ltr'>addam,</span> 
     </span>
    </p>
   </div>
   <div class='ocr_carea' id='block_1_3' title="bbox 1199 2464 1220 2477">
    <p class='ocr_par' dir='ltr' id='par_1_4' title="bbox 1199 2464 1220 2477">
     <span class='ocr_line' id='line_1_34' title="bbox 1199 2464 1220 2477; baseline 0 0"><span class='ocrx_word' id='word_1_257' title='bbox 1199 2464 1220 2477; x_wconf 61' lang='lat' dir='ltr'><em>U</em></span> 
     </span>
    </p>
   </div>
  </div>
 </body>
</html>
