1685 2878
763 155 967 193 -30-

247 277 326 314 sino
362 277 420 315 ira
456 281 494 314 et
521 275 668 322 studio,
706 288 868 326 quorum
902 289 1037 314 causas
1073 276 1205 327 procul
1232 275 1393 324 habeat,
1430 288 1489 313 res

246 347 489 383 narraturum
505 356 598 382 esse.
637 342 814 381 Tacitum
830 343 878 382 ad
894 341 1131 381 scribendam
1146 342 1341 381 historiam
1356 354 1487 397 omnes

246 424 342 461 quos
369 415 499 462 posset
526 410 648 449 fontes
676 410 814 449 adiisse
842 411 934 448 satis
961 414 1129 462 apparet.
1185 410 1274 461 Ipse
1302 401 1412 458 dicit,
1449 423 1490 447 se

245 491 305 515 res
332 478 485 515 maioris
512 477 693 515 momenti
719 477 767 515 ab
794 477 877 515 aliis
903 478 1097 528 neglectas
1124 477 1227 515 libris
1247 477 1490 527 antiquorum

245 545 470 595 scriptorum
512 544 713 595 diligenter
748 544 986 594 perlustratis
1022 544 1227 581 memoriae
1264 544 1487 582 servavisse.

245 610 389 648 Tiberii
415 623 578 661 regnum
606 611 686 660 ipse
713 614 869 648 noverat
897 614 1010 660 atque
1046 623 1096 648 ex
1121 609 1337 647 hominibus
1365 609 1487 647 senio-

244 677 360 725 ribus,
389 678 455 727 qui
483 678 594 714 rebus
625 677 887 724 interfuerant,
915 677 1035 714 multa
1063 676 1196 714 audire
1222 679 1383 727 poterat.
1428 675 1488 714 Ne

244 744 355 782 dietis
383 744 654 782 documentum
681 743 791 792 desit,
827 743 1009 781 nonnulla
1035 743 1155 794 ipsius
1182 742 1297 781 verba
1323 742 1486 781 notabo:

247 811 322 857 „Id
348 825 431 861 eqo,
470 826 494 848 a
520 811 761 861 scriptoribus
789 811 990 848 annalium
1016 825 1091 847 non
1119 810 1310 854 traditum,
1339 810 1489 860 repperi

246 879 285 915 in
322 877 595 916 commentarios
632 878 904 929 slyr-ippinaess
960 877 1060 915 Ann.
1100 877 1193 925 IV.,
1240 878 1302 914 53.
1357 875 1487 928 Neque

243 959 325 982 sum
344 946 501 995 iqnarus
521 960 545 982 a
560 944 752 996 plerisque
770 944 1012 995 scriptoribus
1032 946 1168 982 omissa
1183 943 1361 995 pericula
1382 972 1390 981 .
1413 972 1421 980 .
1443 973 1451 980 .
1476 972 1484 981 .

244 1010 362 1049 Nobis
389 1011 577 1063 pleraque
610 1011 727 1062 eliqua
764 1017 911 1062 coyozitu
947 1011 1137 1056 obvenere,
1176 1024 1402 1062 quamquam
1438 1011 1485 1048 ab

243 1078 332 1116 alii-s
368 1078 605 1118 incelebrata.
659 1078 754 1127 VL,
792 1080 826 1117 7.
885 1077 988 1125 Quae
1026 1077 1208 1129 plurimis
1252 1078 1485 1129 maximeque

234 1145 328 1194 fidis
348 1146 561 1182 auctoribus
580 1153 783 1182 memorata
802 1153 888 1182 sum
914 1146 1036 1183 retuli.
1064 1145 1150 1192 IV.,
1179 1147 1240 1183 57.
1266 1169 1310 1173 -—
1331 1145 1378 1183 In
1405 1158 1483 1183 mo-

242 1212 346 1250 ribus
361 1212 574 1250 iudicandis
594 1226 633 1251 se
653 1214 811 1264 praebet
829 1216 873 1250 ut
888 1212 1091 1250 Sallustius
1111 1224 1285 1250 severum
1303 1211 1485 1263 imprimis

240 1279 279 1314 in
307 1278 508 1316 Historieis
538 1279 619 1329 (cfr.
649 1280 695 1326 1.,
723 1281 786 1327 42,
814 1280 882 1327 II.,
911 1280 992 1328 95),
1026 1292 1144 1330 quum
1170 1283 1350 1330 provecta
1377 1283 1484 1317 aetas

241 1358 329 1383 eum
366 1345 404 1382 in
441 1345 654 1384 Annalibus
692 1346 814 1397 magis
849 1345 1112 1398 indulgentem
1146 1345 1334 1384 redderet.
1397 1346 1484 1391 Quo

241 1416 322 1449 erat
348 1413 495 1462 patriae
524 1425 652 1450 amore
688 1413 736 1451 de
765 1413 908 1463 optima
935 1413 1096 1451 civitatis
1124 1412 1244 1451 forma
1281 1426 1395 1464 saepe
1422 1426 1483 1451 oo-

239 1478 387 1529 gitavit.
429 1479 565 1530 Neque
592 1480 630 1516 in
658 1479 728 1517 hac
756 1492 796 1517 re
824 1492 846 1517 a
867 1478 1037 1517 Sallustii
1055 1479 1226 1531 partibus
1254 1483 1330 1517 stat
1356 1491 1480 1531 neque

241 1550 343 1584 stare
371 1550 533 1596 poterat,
561 1559 680 1597 quum
708 1548 964 1597 comperisset,
993 1551 1226 1597 quantopere
1252 1559 1375 1585 mores
1397 1546 1484 1584 ulti-

239 1613 309 1649 mis
336 1613 390 1650 rei
418 1613 592 1663 publicae
621 1613 909 1664 tempestatibus
936 1613 1132 1664 depravati
1169 1619 1306 1651 essent.
1360 1613 1483 1660 „Ouu-

238 1686 315 1716 ctas
342 1680 510 1716 nationes
539 1687 572 1717 et
601 1680 715 1725 urbes,
750 1680 872 1730 inquit
896 1680 998 1717 Ann.
1027 1680 1113 1727 IV.,
1141 1681 1203 1728 33,
1223 1680 1390 1730 populus
1418 1688 1484 1718 aut

230 1748 417 1797 primores
444 1754 511 1784 aut
537 1744 680 1798 sinquli
707 1755 862 1798 reyunt:
899 1747 1038 1785 delecta
1066 1761 1112 1785 ea·
1139 1748 1187 1784 iis
1215 1755 1248 1785 et
1274 1748 1484 1785 consociata

237 1815 293 1851 rei
319 1814 499 1864 publicae
525 1814 663 1865 forma
702 1814 859 1853 laudari
884 1814 1050 1865 facilius
1078 1829 1191 1867 quam
1218 1815 1380 1861 evenire,
1415 1814 1481 1861 vel,

236 1882 269 1917 sl
296 1883 414 1919 evenit
440 1881 546 1918 lzaucl
571 1881 755 1919 diuturna
791 1896 865 1919 esse
883 1886 1042 1932 potest.“
1099 1882 1228 1926 Quare
1256 1883 1481 1921 sententiam

236 1949 340 1986 illam
366 1949 600 2001 praeclaram
628 1948 789 1988 Homeri

355 2014 436 2055 Οὔκ
465 2014 622 2066 ἀγαθον
648 2017 939 2070 πολυκοιρανίη.
963 2013 1020 2063 εἷς
1048 2018 1227 2071 κοίρανος
1252 2016 1366 2058 ἐ’στω.

1219 2084 1266 2124 ΙΙ.
1293 2084 1362 2134 ΙΙ.,
1391 2086 1481 2134 204,

235 2151 273 2188 in
304 2164 413 2189 suam
434 2152 618 2190 convertit
644 2164 769 2202 neque
788 2152 997 2203 quidquam
1017 2152 1218 2204 optabilius
1247 2166 1329 2192 esse
1357 2156 1481 2192 osten—

234 2219 302 2266 dit,
330 2232 446 2270 quam
473 2220 616 2258 bonum
637 2219 857 2271 principem.
901 2218 1019 2271 (Hist.
1049 2219 1095 2268 I.,
1126 2220 1204 2270 16.)
1249 2219 1326 2259 Sed
1353 2225 1482 2259 monet

235 2299 345 2333 eum,
387 2299 435 2323 ne
462 2287 502 2323 in
530 2287 682 2325 civitate
710 2286 921 2325 ordinanda
947 2287 1192 2326 immodicum
1220 2301 1260 2326 se
1287 2289 1479 2340 praebeat,

234 2365 355 2406 quum
392 2353 565 2392 homines
604 2366 674 2392 nec
713 2357 833 2392 totam
860 2354 1080 2401 servitutem
1114 2356 1194 2407 pati
1229 2355 1376 2409 possint
1411 2369 1480 2395 nec
