1685 2878
736 219 939 260 -15,

219 344 243 381 a.
268 347 354 394 part
380 343 504 381 meme
536 344 573 381 la
598 355 710 381 verve
737 344 966 394 historique,
1002 343 1166 390 morale,
1204 343 1365 380 oratoire
1394 343 1458 393 qui

217 412 253 449 le
279 410 515 461 distinguent
542 415 580 449 et
607 411 687 449 font
714 411 761 449 de
789 415 886 449 cette
914 423 1052 448 oeuvre
1080 423 1226 448 comme
1254 423 1329 448 une
1358 414 1457 448 sorte

217 477 377 516 d'airain
403 477 452 516 de
480 477 678 516 Corinthe!
722 477 858 522 Quand
882 478 924 529 je
951 477 1030 515 vois
1065 478 1101 515 le
1128 477 1311 516 Laocoon
1338 477 1459 528 qu'un

217 550 383 584 monstre
402 545 557 594 etouffe,
586 559 632 584 en
659 546 783 584 meme
802 551 924 597 temps
952 545 1043 597 qu'il
1072 546 1208 584 etreint
1236 550 1274 583 et
1302 545 1456 583 dechire

216 613 272 651 les
299 613 446 652 enfants
473 626 546 664 que
573 614 654 652 leur
672 613 922 652 malheureux
947 612 1038 665 pere
1061 613 1236 652 voudrait
1258 613 1453 660 defendre,

212 680 378 731 J’yssvois
404 682 442 718 la
468 681 682 719 saisissante
709 681 834 731 image
862 681 910 718 de
932 680 1055 718 Rome
1083 680 1235 718 enlacee
1262 693 1331 730 par
1355 680 1457 717 Cati-

217 747 314 784 lina:
343 759 407 784 car
423 747 504 785 rien
523 747 588 798 n'y
606 733 781 797 manque,
805 747 841 783 ni
862 748 916 784 les
939 747 1177 784 convulsions
1196 746 1244 783 de
1266 746 1303 783 la
1321 746 1456 796 patrie,

220 813 259 851 ni
286 814 321 852 16
348 818 534 862 monstre,
571 814 609 852 ni
645 814 699 852 les
727 814 907 853 victimes.
962 813 1063 852 Dub.
1094 813 1253 852 Guchan
1282 814 1307 850 l.
1337 826 1368 851 6.
1400 812 1452 850 Π.

217 894 305 932 pag.
335 882 422 919 307.

326 948 529 987 Sallustius
565 949 646 999 ipse
683 949 793 997 dicit,
831 962 870 987 se
899 948 1085 987 Catilinae
1113 948 1258 987 facinus
1286 948 1458 999 inprimis

219 1015 462 1054 memorabile
490 1015 706 1053 existimare
737 1015 910 1063 „sceleris
940 1019 1055 1065 atque
1072 1014 1230 1065 periculi
1249 1014 1455 1052 novitate“.

219 1082 302 1121 Cat.
323 1082 394 1121 IV.
440 1082 575 1133 Neque
596 1082 721 1120 minus
748 1087 850 1121 recte
877 1087 1016 1130 censet,
1046 1083 1083 1119 in
1109 1082 1207 1120 bello
1227 1081 1457 1132 Iugurthino

219 1149 347 1187 divina
371 1154 409 1187 et
435 1150 602 1187 humana
629 1154 774 1201 cuncta·
791 1150 981 1199 permixta
1009 1161 1102 1186 csse.
1157 1148 1243 1198 Iug.
1274 1148 1322 1185 V.
1379 1148 1459 1185 Cur

219 1220 348 1253 autem
375 1215 412 1252 in
434 1215 615 1253 Historiis
635 1216 829 1253 universas
847 1206 978 1266 populi
996 1215 1162 1252 Romani
1187 1227 1247 1252 res
1274 1228 1342 1265 per
1365 1215 1458 1252 duo-

222 1282 344 1320 decim
371 1295 490 1320 annos
519 1283 705 1333 (78-67)
743 1282 831 1320 belli
857 1282 1034 1332 domique
1061 1286 1189 1332 gestas
1216 1282 1458 1320 illustrandas

162 1376 166 1380 -
224 1353 327 1388 recte
355 1350 426 1387 sibi
453 1350 665 1400 sumpserit,
701 1362 777 1387 non
813 1354 869 1388 est
902 1349 1058 1387 difficile
1083 1349 1288 1387 intellectu.
1342 1350 1457 1387 Nullo

219 1416 321 1453 enim
359 1428 528 1467 unquam
565 1420 734 1467 tempore
771 1420 857 1467 post
891 1417 1169 1454 corroboratam
1194 1415 1458 1454 Romanorum

218 1486 383 1521 aetatem
409 1496 469 1521 res
497 1483 649 1534 publica
675 1483 880 1522 maioribus
907 1482 1122 1521 domesticis
1149 1487 1262 1533 atque
1290 1484 1457 1521 externis

218 1550 404 1588 laboravit
417 1550 605 1601 periculis,
625 1563 742 1600 quum
761 1554 817 1588 tot
829 1550 999 1601 tantique
1014 1550 1181 1600 undique
1200 1550 1312 1587 simul
1331 1550 1456 1588 hostes

219 1616 461 1667 ingruerent,
502 1621 546 1654 ut
580 1617 781 1668 imperium
815 1617 1033 1655 Romanum
1067 1617 1134 1654 vix
1170 1617 1311 1654 servari
1346 1630 1456 1667 posse

219 1682 422 1722 videretur.
478 1684 524 1721 In
553 1684 664 1722 Italia
701 1685 801 1723 enim
830 1684 959 1723 Sullae
996 1684 1254 1734 nobiliumque
1289 1685 1455 1733 victoria,

218 1750 423 1787 innumeris
463 1751 602 1788 civium
643 1751 843 1798 caedibus,
888 1751 1204 1802 proscriptionum
1241 1752 1454 1801 asperitate,

218 1817 493 1868 direptionibus
521 1818 699 1866 divitum,
733 1832 875 1866 eorum,
903 1831 1018 1869 penes
1045 1831 1139 1868 quos
1167 1818 1222 1854 vis
1251 1822 1331 1855 crat
1356 1819 1453 1856 inso-

218 1885 333 1922 lentia
360 1897 561 1934 oppressae
587 1885 705 1934 partis
733 1890 928 1935 tantopere
956 1885 1171 1922 exacerbati
1200 1890 1306 1922 erant
1327 1886 1454 1932 animi,

218 1955 368 1990 tantum
397 1950 606 1990 cxcitatum
631 1951 836 1991 nobilitatis
865 1951 1007 2000 odium,
1034 1956 1078 1990 ut
1098 1951 1163 1990 ubi
1182 1951 1346 2002 primum
1365 1951 1455 1991 (lata

219 2023 319 2056 esset
347 2019 505 2065 occasio,
533 2032 681 2056 summa
706 2019 744 2056 vi
771 2019 946 2056 iniuriam
973 2018 1090 2056 ulturi
1117 2031 1198 2055 csse
1225 2019 1453 2057 viderentur.

218 2082 346 2130 Qua're
360 2085 507 2137 Lepido
534 2085 631 2124 duce
655 2086 861 2124 tumultum
887 2089 1086 2123 moverunt
1113 2085 1351 2134 acerrimum,
1380 2100 1454 2136 quo

218 2153 248 2189 si
275 2152 462 2200 vicissent,
490 2165 637 2190 summa
665 2153 832 2190 omnium
855 2165 981 2189 rerum
1000 2153 1192 2190 conversio
1211 2153 1455 2203 maximaque

218 2219 412 2258 calamitas
440 2224 538 2258 esset
565 2224 778 2258 consecuta.
829 2219 929 2257 Tum
957 2218 1168 2268 Sertorius,
1206 2220 1263 2256 vir
1289 2220 1453 2270 ingentis

218 2286 332 2324 animi
381 2287 660 2337 acerrimusque
702 2286 945 2325 Sullanarum
993 2286 1157 2336 partium
1204 2286 1454 2334 adversarius,

222 2359 414 2393 certamen
441 2359 570 2393 contra
598 2355 796 2406 optimates
823 2354 862 2392 in
888 2354 1000 2393 Italia
1030 2353 1135 2392 haud
1162 2367 1338 2405 prospere
1375 2368 1455 2392 sus-

218 2426 371 2475 ceptum
399 2422 452 2460 ita
479 2422 518 2459 in
545 2422 772 2472 Hispaniam
798 2421 1002 2469 transtulit,
1030 2426 1073 2459 ut
1101 2422 1277 2472 gentibus
1304 2422 1455 2460 bellico-
