<?xml version="1.0" encoding="UTF-8"?>
<!DOCTYPE html PUBLIC "-//W3C//DTD XHTML 1.0 Transitional//EN"
    "http://www.w3.org/TR/xhtml1/DTD/xhtml1-transitional.dtd">
<html xmlns="http://www.w3.org/1999/xhtml" xml:lang="en" lang="en">
 <head>
  <title>
</title>
<meta http-equiv="Content-Type" content="text/html;charset=utf-8" />
  <meta name='ocr-system' content='tesseract 3.04.00' />
  <meta name='ocr-capabilities' content='ocr_page ocr_carea ocr_par ocr_line ocrx_word'/>
</head>
<body>
  <div class='ocr_page' id='page_1' title='image "./4630401_0032.png"; bbox 0 0 1685 2878; ppageno 0'>
   <div class='ocr_carea' id='block_1_1' title="bbox 225 308 1529 2439">
    <p class='ocr_par' dir='ltr' id='par_1_1' title="bbox 238 308 1529 767">
     <span class='ocr_line' id='line_1_1' title="bbox 242 308 1482 366; baseline -0.001 -14"><span class='ocrx_word' id='word_1_1' title='bbox 242 317 409 353; x_wconf 87' lang='lat' dir='ltr'>aetatem</span> <span class='ocrx_word' id='word_1_2' title='bbox 436 327 563 365; x_wconf 87' lang='lat' dir='ltr'>agere,</span> <span class='ocrx_word' id='word_1_3' title='bbox 599 314 776 364; x_wconf 87' lang='lat' dir='ltr'>potuistis</span> <span class='ocrx_word' id='word_1_4' title='bbox 803 315 971 361; x_wconf 84' lang='lat' dir='ltr'>nonnulli</span> <span class='ocrx_word' id='word_1_5' title='bbox 998 314 1159 362; x_wconf 85' lang='lat' dir='ltr'>Romae,</span> <span class='ocrx_word' id='word_1_6' title='bbox 1188 308 1339 366; x_wconf 17' lang='lat' dir='ltr'>amissis,</span> <span class='ocrx_word' id='word_1_7' title='bbox 1360 314 1482 362; x_wconf 86' lang='lat' dir='ltr'>bonis,</span> 
     </span>
     <span class='ocr_line' id='line_1_2' title="bbox 242 372 1481 433; baseline 0.002 -15"><span class='ocrx_word' id='word_1_8' title='bbox 242 381 384 419; x_wconf 86' lang='lat' dir='ltr'>alienas</span> <span class='ocrx_word' id='word_1_9' title='bbox 412 394 504 432; x_wconf 86' lang='lat' dir='ltr'>opes</span> <span class='ocrx_word' id='word_1_10' title='bbox 531 385 774 432; x_wconf 84' lang='lat' dir='ltr'>exspectare3</span> <span class='ocrx_word' id='word_1_11' title='bbox 810 382 908 433; x_wconf 78' lang='lat' dir='ltr'>(sed)</span> <span class='ocrx_word' id='word_1_12' title='bbox 936 382 1025 433; x_wconf 83' lang='lat' dir='ltr'>quia</span> <span class='ocrx_word' id='word_1_13' title='bbox 1052 382 1116 420; x_wconf 92' lang='lat' dir='ltr'>illa</span> <span class='ocrx_word' id='word_1_14' title='bbox 1143 381 1256 420; x_wconf 84' lang='lat' dir='ltr'>foeda</span> <span class='ocrx_word' id='word_1_15' title='bbox 1283 372 1398 433; x_wconf 57' lang='lat' dir='ltr'>atdue</span> <span class='ocrx_word' id='word_1_16' title='bbox 1426 382 1481 419; x_wconf 94' lang='lat' dir='ltr'>in-</span> 
     </span>
     <span class='ocr_line' id='line_1_3' title="bbox 240 448 1480 499; baseline 0.001 -14"><span class='ocrx_word' id='word_1_17' title='bbox 240 448 438 486; x_wconf 88' lang='lat' dir='ltr'>toleranda</span> <span class='ocrx_word' id='word_1_18' title='bbox 475 449 563 486; x_wconf 86' lang='lat' dir='ltr'>viris</span> <span class='ocrx_word' id='word_1_19' title='bbox 598 448 847 497; x_wconf 83' lang='lat' dir='ltr'>videbantur,</span> <span class='ocrx_word' id='word_1_20' title='bbox 888 450 982 487; x_wconf 86' lang='lat' dir='ltr'>haec</span> <span class='ocrx_word' id='word_1_21' title='bbox 1019 449 1124 499; x_wconf 88' lang='lat' dir='ltr'>sequi</span> <span class='ocrx_word' id='word_1_22' title='bbox 1162 448 1393 487; x_wconf 80' lang='lat' dir='ltr'>decrevistis.</span> <span class='ocrx_word' id='word_1_23' title='bbox 1447 449 1480 486; x_wconf 89' lang='lat' dir='ltr'>I.</span> 
     </span>
     <span class='ocr_line' id='line_1_4' title="bbox 240 515 1529 566; baseline 0 -14"><span class='ocrx_word' id='word_1_24' title='bbox 240 515 302 562; x_wconf 83' lang='lat'>85,</span> <span class='ocrx_word' id='word_1_25' title='bbox 323 516 385 552; x_wconf 85' lang='lat'>38.</span> <span class='ocrx_word' id='word_1_26' title='bbox 423 515 587 553; x_wconf 81' lang='lat' dir='ltr'>Maiores</span> <span class='ocrx_word' id='word_1_27' title='bbox 607 528 739 553; x_wconf 89' lang='lat' dir='ltr'>eorum</span> <span class='ocrx_word' id='word_1_28' title='bbox 758 516 885 554; x_wconf 83' lang='lat' dir='ltr'>omnia</span> <span class='ocrx_word' id='word_1_29' title='bbox 903 529 1001 566; x_wconf 88' lang='lat' dir='ltr'>quae</span> <span class='ocrx_word' id='word_1_30' title='bbox 1022 516 1171 563; x_wconf 81' lang='lat' dir='ltr'>licebat,</span> <span class='ocrx_word' id='word_1_31' title='bbox 1193 515 1266 553; x_wconf 88' lang='lat' dir='ltr'>illis</span> <span class='ocrx_word' id='word_1_32' title='bbox 1282 515 1481 565; x_wconf 88' lang='lat' dir='ltr'>reliquere,</span> <span class='ocrx_word' id='word_1_33' title='bbox 1527 562 1529 565; x_wconf 16' lang='lat' dir='ltr'><em>r</em></span> 
     </span>
     <span class='ocr_line' id='line_1_5' title="bbox 239 581 1480 632; baseline 0 -14"><span class='ocrx_word' id='word_1_34' title='bbox 239 582 401 629; x_wconf 87' lang='lat' dir='ltr'>divitias,</span> <span class='ocrx_word' id='word_1_35' title='bbox 430 582 626 632; x_wconf 83' lang='lat' dir='ltr'>imagines,</span> <span class='ocrx_word' id='word_1_36' title='bbox 654 582 877 619; x_wconf 80' lang='lat' dir='ltr'>memoriam</span> <span class='ocrx_word' id='word_1_37' title='bbox 905 583 963 619; x_wconf 81' lang='lat' dir='ltr'>sui</span> <span class='ocrx_word' id='word_1_38' title='bbox 990 583 1245 632; x_wconf 83' lang='lat' dir='ltr'>praeclaram3</span> <span class='ocrx_word' id='word_1_39' title='bbox 1282 581 1383 631; x_wconf 78' lang='lat' dir='ltr'>(sed)</span> <span class='ocrx_word' id='word_1_40' title='bbox 1408 581 1480 618; x_wconf 86' lang='lat' dir='ltr'>vir-</span> 
     </span>
     <span class='ocr_line' id='line_1_6' title="bbox 238 648 1480 699; baseline -0.002 -12"><span class='ocrx_word' id='word_1_41' title='bbox 238 652 360 687; x_wconf 88' lang='lat' dir='ltr'>tutem</span> <span class='ocrx_word' id='word_1_42' title='bbox 396 661 471 687; x_wconf 92' lang='lat' dir='ltr'>non</span> <span class='ocrx_word' id='word_1_43' title='bbox 507 648 711 699; x_wconf 76' lang='lat' dir='ltr'>reliquere,</span> <span class='ocrx_word' id='word_1_44' title='bbox 752 660 876 699; x_wconf 87' lang='lat' dir='ltr'>neque</span> <span class='ocrx_word' id='word_1_45' title='bbox 912 653 1109 699; x_wconf 84' lang='lat' dir='ltr'>poterant3</span> <span class='ocrx_word' id='word_1_46' title='bbox 1151 649 1279 699; x_wconf 80' lang='lat' dir='ltr'>(quia)</span> <span class='ocrx_word' id='word_1_47' title='bbox 1316 661 1362 686; x_wconf 87' lang='lat' dir='ltr'>ea</span> <span class='ocrx_word' id='word_1_48' title='bbox 1399 648 1480 685; x_wconf 87' lang='lat' dir='ltr'>sola</span> 
     </span>
     <span class='ocr_line' id='line_1_7' title="bbox 239 715 1004 767; baseline 0 -15"><span class='ocrx_word' id='word_1_49' title='bbox 239 728 363 767; x_wconf 88' lang='lat' dir='ltr'>neque</span> <span class='ocrx_word' id='word_1_50' title='bbox 390 716 504 754; x_wconf 88' lang='lat' dir='ltr'>datur</span> <span class='ocrx_word' id='word_1_51' title='bbox 531 715 629 753; x_wconf 88' lang='lat' dir='ltr'>dono</span> <span class='ocrx_word' id='word_1_52' title='bbox 656 728 781 766; x_wconf 89' lang='lat' dir='ltr'>neque</span> <span class='ocrx_word' id='word_1_53' title='bbox 809 715 1004 766; x_wconf 78' lang='lat' dir='ltr'>accipitur.</span> 
     </span>
    </p>

    <p class='ocr_par' dir='ltr' id='par_1_2' title="bbox 231 781 1479 1503">
     <span class='ocr_line' id='line_1_8' title="bbox 341 781 1479 833; baseline -0.001 -12"><span class='ocrx_word' id='word_1_54' title='bbox 341 783 535 822; x_wconf 85' lang='lat' dir='ltr'>Particula</span> <span class='ocrx_word' id='word_1_55' title='bbox 565 783 642 831; x_wconf 83' lang='lat' dir='ltr'>„si“</span> <span class='ocrx_word' id='word_1_56' title='bbox 673 783 879 821; x_wconf 87' lang='lat' dir='ltr'>omittitur:</span> <span class='ocrx_word' id='word_1_57' title='bbox 921 783 1008 833; x_wconf 87' lang='lat' dir='ltr'>Iug.</span> <span class='ocrx_word' id='word_1_58' title='bbox 1037 782 1197 831; x_wconf 85' lang='lat' dir='ltr'>LXIV.‚</span> <span class='ocrx_word' id='word_1_59' title='bbox 1227 784 1271 831; x_wconf 84' lang='lat'>5,</span> <span class='ocrx_word' id='word_1_60' title='bbox 1302 781 1479 821; x_wconf 76' lang='lat' dir='ltr'>Dimidia</span> 
     </span>
     <span class='ocr_line' id='line_1_9' title="bbox 231 849 1479 900; baseline -0.001 -13"><span class='ocrx_word' id='word_1_61' title='bbox 231 864 329 899; x_wconf 81' lang='lat' dir='ltr'>pars</span> <span class='ocrx_word' id='word_1_62' title='bbox 348 851 529 888; x_wconf 71' lang='lat' dir='ltr'>ewercitus</span> <span class='ocrx_word' id='word_1_63' title='bbox 556 850 628 887; x_wconf 74' lang='lat' dir='ltr'>sibi</span> <span class='ocrx_word' id='word_1_64' title='bbox 636 851 926 899; x_wconf 74' lang='lat' dir='ltr'>permitteretur,</span> <span class='ocrx_word' id='word_1_65' title='bbox 947 850 1088 899; x_wconf 74' lang='lat' dir='ltr'>paucis</span> <span class='ocrx_word' id='word_1_66' title='bbox 1107 849 1233 887; x_wconf 79' lang='lat' dir='ltr'>diebus</span> <span class='ocrx_word' id='word_1_67' title='bbox 1253 849 1479 900; x_wconf 64' lang='lat' dir='ltr'>Iugurtham</span> 
     </span>
     <span class='ocr_line' id='line_1_10' title="bbox 240 915 1477 967; baseline 0.001 -15"><span class='ocrx_word' id='word_1_68' title='bbox 240 918 280 954; x_wconf 78' lang='lat' dir='ltr'>in</span> <span class='ocrx_word' id='word_1_69' title='bbox 308 918 446 955; x_wconf 73' lang='lat' dir='ltr'>catenis</span> <span class='ocrx_word' id='word_1_70' title='bbox 472 916 687 955; x_wconf 76' lang='lat' dir='ltr'>habiturum</span> <span class='ocrx_word' id='word_1_71' title='bbox 714 918 739 953; x_wconf 80' lang='lat' dir='ltr'>i.</span> <span class='ocrx_word' id='word_1_72' title='bbox 760 931 788 953; x_wconf 82' lang='lat' dir='ltr'>e.</span> <span class='ocrx_word' id='word_1_73' title='bbox 816 918 850 953; x_wconf 75' lang='lat' dir='ltr'>si</span> <span class='ocrx_word' id='word_1_74' title='bbox 877 915 1038 953; x_wconf 80' lang='lat' dir='ltr'>dimidia</span> <span class='ocrx_word' id='word_1_75' title='bbox 1069 939 1114 943; x_wconf 85' lang='lat'>-</span> <span class='ocrx_word' id='word_1_76' title='bbox 1143 916 1209 954; x_wconf 86' lang='lat' dir='ltr'>cfr.</span> <span class='ocrx_word' id='word_1_77' title='bbox 1228 915 1370 967; x_wconf 89' lang='lat' dir='ltr'>Zumpt</span> <span class='ocrx_word' id='word_1_78' title='bbox 1389 915 1477 954; x_wconf 76' lang='lat' dir='ltr'>Lat.</span> 
     </span>
     <span class='ocr_line' id='line_1_11' title="bbox 238 982 1479 1034; baseline -0.001 -13"><span class='ocrx_word' id='word_1_79' title='bbox 238 984 407 1022; x_wconf 82' lang='lat' dir='ltr'>Gramm.</span> <span class='ocrx_word' id='word_1_80' title='bbox 438 984 459 1032; x_wconf 65' lang='grc' dir='ltr'>ξ</span> <span class='ocrx_word' id='word_1_81' title='bbox 488 984 574 1021; x_wconf 85' lang='grc'>780.</span> <span class='ocrx_word' id='word_1_82' title='bbox 616 982 719 1021; x_wconf 91' lang='lat' dir='ltr'>Ante</span> <span class='ocrx_word' id='word_1_83' title='bbox 749 985 883 1031; x_wconf 73' lang='lat' dir='ltr'>„‘nam“</span> <span class='ocrx_word' id='word_1_84' title='bbox 906 982 1058 1034; x_wconf 87' lang='lat' dir='ltr'>saepius</span> <span class='ocrx_word' id='word_1_85' title='bbox 1078 982 1266 1021; x_wconf 87' lang='lat' dir='ltr'>sententia</span> <span class='ocrx_word' id='word_1_86' title='bbox 1292 982 1342 1020; x_wconf 88' lang='lat' dir='ltr'>ad</span> <span class='ocrx_word' id='word_1_87' title='bbox 1363 995 1479 1033; x_wconf 90' lang='lat' dir='ltr'>quam</span> 
     </span>
     <span class='ocr_line' id='line_1_12' title="bbox 237 1049 1478 1103; baseline -0.002 -14"><span class='ocrx_word' id='word_1_88' title='bbox 237 1052 434 1100; x_wconf 84' lang='lat' dir='ltr'>referatur,</span> <span class='ocrx_word' id='word_1_89' title='bbox 461 1051 670 1103; x_wconf 85' lang='lat' dir='ltr'>negligitur</span> <span class='ocrx_word' id='word_1_90' title='bbox 695 1050 783 1101; x_wconf 87' lang='lat' dir='ltr'>Iug.</span> <span class='ocrx_word' id='word_1_91' title='bbox 815 1051 876 1098; x_wconf 86' lang='lat'>19,</span> <span class='ocrx_word' id='word_1_92' title='bbox 905 1051 940 1098; x_wconf 91' lang='grc'>2,</span> <span class='ocrx_word' id='word_1_93' title='bbox 972 1050 1113 1088; x_wconf 82' lang='lat' dir='ltr'>Postea</span> <span class='ocrx_word' id='word_1_94' title='bbox 1139 1049 1351 1088; x_wconf 83' lang='lat' dir='ltr'>Phoenices</span> <span class='ocrx_word' id='word_1_95' title='bbox 1380 1049 1478 1101; x_wconf 88' lang='lat' dir='ltr'>Hip-</span> 
     </span>
     <span class='ocr_line' id='line_1_13' title="bbox 237 1117 1478 1170; baseline -0.002 -13"><span class='ocrx_word' id='word_1_96' title='bbox 237 1131 376 1170; x_wconf 88' lang='lat' dir='ltr'>ponem</span> <span class='ocrx_word' id='word_1_97' title='bbox 407 1117 712 1166; x_wconf 82' lang='lat' dir='ltr'>Hadrumetum,</span> <span class='ocrx_word' id='word_1_98' title='bbox 754 1117 907 1168; x_wconf 91' lang='lat' dir='ltr'>Leptim</span> <span class='ocrx_word' id='word_1_99' title='bbox 952 1118 1119 1168; x_wconf 86' lang='lat' dir='ltr'>aliasque</span> <span class='ocrx_word' id='word_1_100' title='bbox 1167 1118 1281 1156; x_wconf 87' lang='lat' dir='ltr'>urbes</span> <span class='ocrx_word' id='word_1_101' title='bbox 1326 1117 1365 1154; x_wconf 92' lang='lat' dir='ltr'>in</span> <span class='ocrx_word' id='word_1_102' title='bbox 1412 1130 1478 1155; x_wconf 88' lang='lat' dir='ltr'>ora</span> 
     </span>
     <span class='ocr_line' id='line_1_14' title="bbox 239 1184 1477 1235; baseline -0.002 -12"><span class='ocrx_word' id='word_1_103' title='bbox 239 1185 428 1224; x_wconf 89' lang='lat' dir='ltr'>maritima</span> <span class='ocrx_word' id='word_1_104' title='bbox 456 1184 678 1233; x_wconf 88' lang='lat' dir='ltr'>condidere,</span> <span class='ocrx_word' id='word_1_105' title='bbox 715 1185 863 1235; x_wconf 85' lang='lat' dir='ltr'>haeque</span> <span class='ocrx_word' id='word_1_106' title='bbox 889 1184 993 1223; x_wconf 87' lang='lat' dir='ltr'>brevi</span> <span class='ocrx_word' id='word_1_107' title='bbox 1019 1184 1182 1222; x_wconf 91' lang='lat' dir='ltr'>multum</span> <span class='ocrx_word' id='word_1_108' title='bbox 1210 1188 1357 1232; x_wconf 89' lang='lat' dir='ltr'>auctae,</span> <span class='ocrx_word' id='word_1_109' title='bbox 1389 1196 1477 1235; x_wconf 84' lang='lat' dir='ltr'>pars</span> 
     </span>
     <span class='ocr_line' id='line_1_15' title="bbox 238 1251 1478 1303; baseline -0.001 -13"><span class='ocrx_word' id='word_1_110' title='bbox 238 1253 446 1303; x_wconf 86' lang='lat' dir='ltr'>originibus</span> <span class='ocrx_word' id='word_1_111' title='bbox 475 1253 552 1290; x_wconf 87' lang='lat' dir='ltr'>suis</span> <span class='ocrx_word' id='word_1_112' title='bbox 579 1252 792 1302; x_wconf 87' lang='lat' dir='ltr'>praesidio,</span> <span class='ocrx_word' id='word_1_113' title='bbox 831 1252 927 1290; x_wconf 89' lang='lat' dir='ltr'>aliae</span> <span class='ocrx_word' id='word_1_114' title='bbox 964 1251 1090 1290; x_wconf 84' lang='lat' dir='ltr'>decori</span> <span class='ocrx_word' id='word_1_115' title='bbox 1128 1252 1246 1290; x_wconf 87' lang='lat' dir='ltr'>fuere.</span> <span class='ocrx_word' id='word_1_116' title='bbox 1300 1251 1402 1289; x_wconf 85' lang='lat' dir='ltr'>Nam</span> <span class='ocrx_word' id='word_1_117' title='bbox 1428 1252 1478 1289; x_wconf 89' lang='lat' dir='ltr'>de</span> 
     </span>
     <span class='ocr_line' id='line_1_16' title="bbox 239 1317 1475 1369; baseline -0.001 -13"><span class='ocrx_word' id='word_1_118' title='bbox 239 1318 472 1369; x_wconf 82' lang='lat' dir='ltr'>Carthagine</span> <span class='ocrx_word' id='word_1_119' title='bbox 487 1323 612 1357; x_wconf 85' lang='lat' dir='ltr'>tacere</span> <span class='ocrx_word' id='word_1_120' title='bbox 632 1318 769 1356; x_wconf 88' lang='lat' dir='ltr'>melius</span> <span class='ocrx_word' id='word_1_121' title='bbox 794 1322 888 1369; x_wconf 88' lang='lat' dir='ltr'>puto</span> <span class='ocrx_word' id='word_1_122' title='bbox 918 1347 926 1355; x_wconf 91' lang='lat'>.</span> <span class='ocrx_word' id='word_1_123' title='bbox 958 1347 965 1355; x_wconf 92' lang='lat'>.</span> <span class='ocrx_word' id='word_1_124' title='bbox 998 1347 1006 1355; x_wconf 91' lang='lat'>.</span> <span class='ocrx_word' id='word_1_125' title='bbox 1035 1318 1101 1356; x_wconf 90' lang='lat' dir='ltr'>ubi</span> <span class='ocrx_word' id='word_1_126' title='bbox 1128 1317 1239 1365; x_wconf 30' lang='lat' dir='ltr'>facile,</span> <span class='ocrx_word' id='word_1_127' title='bbox 1257 1318 1475 1369; x_wconf 85' lang='lat' dir='ltr'>suppletur:</span> 
     </span>
     <span class='ocr_line' id='line_1_17' title="bbox 239 1384 1475 1437; baseline -0.001 -13"><span class='ocrx_word' id='word_1_128' title='bbox 239 1386 511 1437; x_wconf 81' lang='lat' dir='ltr'>Carthaginem</span> <span class='ocrx_word' id='word_1_129' title='bbox 539 1386 708 1424; x_wconf 87' lang='lat' dir='ltr'>consulto</span> <span class='ocrx_word' id='word_1_130' title='bbox 734 1398 809 1422; x_wconf 89' lang='lat' dir='ltr'>non</span> <span class='ocrx_word' id='word_1_131' title='bbox 830 1385 1032 1433; x_wconf 84' lang='lat' dir='ltr'>nominavi,</span> <span class='ocrx_word' id='word_1_132' title='bbox 1060 1398 1160 1423; x_wconf 86' lang='lat' dir='ltr'>nam.</span> <span class='ocrx_word' id='word_1_133' title='bbox 1204 1384 1283 1423; x_wconf 81' lang='lat' dir='ltr'>Ofr.</span> <span class='ocrx_word' id='word_1_134' title='bbox 1307 1385 1391 1423; x_wconf 78' lang='lat' dir='ltr'>Cat.</span> <span class='ocrx_word' id='word_1_135' title='bbox 1413 1386 1475 1433; x_wconf 85' lang='lat'>52,</span> 
     </span>
     <span class='ocr_line' id='line_1_18' title="bbox 237 1452 746 1503; baseline 0.002 -15"><span class='ocrx_word' id='word_1_136' title='bbox 237 1453 307 1500; x_wconf 74' lang='lat'>343</span> <span class='ocrx_word' id='word_1_137' title='bbox 336 1452 424 1503; x_wconf 87' lang='lat' dir='ltr'>Iug.</span> <span class='ocrx_word' id='word_1_138' title='bbox 456 1452 518 1500; x_wconf 83' lang='lat'>28,</span> <span class='ocrx_word' id='word_1_139' title='bbox 548 1453 591 1501; x_wconf 84' lang='lat'>53</span> <span class='ocrx_word' id='word_1_140' title='bbox 620 1453 682 1500; x_wconf 88' lang='grc'>31,</span> <span class='ocrx_word' id='word_1_141' title='bbox 712 1453 746 1489; x_wconf 90' lang='grc'>2.</span> 
     </span>
    </p>

    <p class='ocr_par' dir='ltr' id='par_1_3' title="bbox 225 1517 1478 2439">
     <span class='ocr_line' id='line_1_19' title="bbox 338 1517 1476 1570; baseline 0 -14"><span class='ocrx_word' id='word_1_142' title='bbox 338 1518 428 1556; x_wconf 88' lang='lat' dir='ltr'>Huc</span> <span class='ocrx_word' id='word_1_143' title='bbox 464 1518 628 1568; x_wconf 87' lang='lat' dir='ltr'>pertinet</span> <span class='ocrx_word' id='word_1_144' title='bbox 655 1517 835 1555; x_wconf 84' lang='lat' dir='ltr'>Sallustio</span> <span class='ocrx_word' id='word_1_145' title='bbox 871 1518 1038 1555; x_wconf 85' lang='lat' dir='ltr'>maxime</span> <span class='ocrx_word' id='word_1_146' title='bbox 1074 1522 1303 1568; x_wconf 83' lang='lat' dir='ltr'>usurpatum</span> <span class='ocrx_word' id='word_1_147' title='bbox 1344 1518 1476 1570; x_wconf 84' lang='lat' dir='ltr'>„Asyn</span> 
     </span>
     <span class='ocr_line' id='line_1_20' title="bbox 234 1583 1476 1635; baseline 0 -14"><span class='ocrx_word' id='word_1_148' title='bbox 234 1584 393 1632; x_wconf 87' lang='lat' dir='ltr'>deton,“</span> <span class='ocrx_word' id='word_1_149' title='bbox 432 1597 551 1635; x_wconf 90' lang='lat' dir='ltr'>quum</span> <span class='ocrx_word' id='word_1_150' title='bbox 585 1584 791 1635; x_wconf 87' lang='lat' dir='ltr'>particulas</span> <span class='ocrx_word' id='word_1_151' title='bbox 828 1584 889 1621; x_wconf 85' lang='lat' dir='ltr'>vel</span> <span class='ocrx_word' id='word_1_152' title='bbox 925 1583 1128 1634; x_wconf 86' lang='lat' dir='ltr'>copulandi</span> <span class='ocrx_word' id='word_1_153' title='bbox 1163 1584 1224 1621; x_wconf 88' lang='lat' dir='ltr'>vel</span> <span class='ocrx_word' id='word_1_154' title='bbox 1262 1584 1476 1635; x_wconf 87' lang='lat' dir='ltr'>explicandi</span> 
     </span>
     <span class='ocr_line' id='line_1_21' title="bbox 235 1649 1475 1701; baseline 0.001 -12"><span class='ocrx_word' id='word_1_155' title='bbox 235 1651 395 1690; x_wconf 86' lang='lat' dir='ltr'>omittat.</span> <span class='ocrx_word' id='word_1_156' title='bbox 451 1651 536 1689; x_wconf 82' lang='lat' dir='ltr'>Cat.</span> <span class='ocrx_word' id='word_1_157' title='bbox 556 1651 643 1699; x_wconf 83' lang='lat' dir='ltr'>XL,</span> <span class='ocrx_word' id='word_1_158' title='bbox 673 1652 707 1688; x_wconf 91' lang='grc'>2.</span> <span class='ocrx_word' id='word_1_159' title='bbox 765 1649 950 1696; x_wconf 78' lang='lat' dir='ltr'>Gloriam,</span> <span class='ocrx_word' id='word_1_160' title='bbox 979 1650 1163 1696; x_wconf 76' lang='lat' dir='ltr'>honorem,</span> <span class='ocrx_word' id='word_1_161' title='bbox 1192 1652 1390 1701; x_wconf 74' lang='lat' dir='ltr'>imperium</span> <span class='ocrx_word' id='word_1_162' title='bbox 1417 1651 1475 1690; x_wconf 79' lang='lat' dir='ltr'>bo-</span> 
     </span>
     <span class='ocr_line' id='line_1_22' title="bbox 232 1717 1475 1770; baseline 0 -14"><span class='ocrx_word' id='word_1_163' title='bbox 232 1732 303 1756; x_wconf 77' lang='lat' dir='ltr'>nus</span> <span class='ocrx_word' id='word_1_164' title='bbox 330 1720 489 1770; x_wconf 74' lang='lat' dir='ltr'>iynavus</span> <span class='ocrx_word' id='word_1_165' title='bbox 525 1732 639 1770; x_wconf 79' lang='lat' dir='ltr'>aeque</span> <span class='ocrx_word' id='word_1_166' title='bbox 673 1718 746 1756; x_wconf 76' lang='lat' dir='ltr'>sibi</span> <span class='ocrx_word' id='word_1_167' title='bbox 773 1725 958 1769; x_wconf 72' lang='lat' dir='ltr'>exoptant.</span> <span class='ocrx_word' id='word_1_168' title='bbox 1012 1717 1100 1768; x_wconf 83' lang='lat' dir='ltr'>Ing.</span> <span class='ocrx_word' id='word_1_169' title='bbox 1141 1719 1185 1766; x_wconf 83' lang='lat'>2,</span> <span class='ocrx_word' id='word_1_170' title='bbox 1223 1719 1258 1755; x_wconf 89' lang='lat'>3.</span> <span class='ocrx_word' id='word_1_171' title='bbox 1312 1718 1475 1756; x_wconf 87' lang='lat' dir='ltr'>Animus</span> 
     </span>
     <span class='ocr_line' id='line_1_23' title="bbox 232 1785 1474 1837; baseline 0 -14"><span class='ocrx_word' id='word_1_172' title='bbox 232 1786 484 1837; x_wconf 86' lang='lat' dir='ltr'>incorruptus,</span> <span class='ocrx_word' id='word_1_173' title='bbox 523 1790 710 1834; x_wconf 84' lang='lat' dir='ltr'>aeternus,</span> <span class='ocrx_word' id='word_1_174' title='bbox 739 1789 862 1824; x_wconf 85' lang='lat' dir='ltr'>rector</span> <span class='ocrx_word' id='word_1_175' title='bbox 887 1785 1044 1823; x_wconf 91' lang='lat' dir='ltr'>humani</span> <span class='ocrx_word' id='word_1_176' title='bbox 1071 1785 1223 1836; x_wconf 87' lang='lat' dir='ltr'>generis</span> <span class='ocrx_word' id='word_1_177' title='bbox 1250 1786 1332 1836; x_wconf 87' lang='lat' dir='ltr'>agit</span> <span class='ocrx_word' id='word_1_178' title='bbox 1359 1790 1474 1836; x_wconf 90' lang='lat' dir='ltr'>atque</span> 
     </span>
     <span class='ocr_line' id='line_1_24' title="bbox 231 1851 1475 1903; baseline 0.001 -14"><span class='ocrx_word' id='word_1_179' title='bbox 231 1853 346 1891; x_wconf 87' lang='lat' dir='ltr'>habet</span> <span class='ocrx_word' id='word_1_180' title='bbox 364 1853 503 1890; x_wconf 85' lang='lat' dir='ltr'>onmia.</span> <span class='ocrx_word' id='word_1_181' title='bbox 537 1853 625 1903; x_wconf 85' lang='lat' dir='ltr'>Iug.</span> <span class='ocrx_word' id='word_1_182' title='bbox 648 1854 710 1900; x_wconf 88' lang='grc'>60,</span> <span class='ocrx_word' id='word_1_183' title='bbox 731 1854 766 1889; x_wconf 89' lang='grc'>6.</span> <span class='ocrx_word' id='word_1_184' title='bbox 806 1851 986 1902; x_wconf 83' lang='lat' dir='ltr'>Lapides,</span> <span class='ocrx_word' id='word_1_185' title='bbox 1014 1852 1153 1902; x_wconf 88' lang='lat' dir='ltr'>ignem,</span> <span class='ocrx_word' id='word_1_186' title='bbox 1182 1852 1257 1890; x_wconf 89' lang='lat' dir='ltr'>alia</span> <span class='ocrx_word' id='word_1_187' title='bbox 1276 1856 1475 1902; x_wconf 85' lang='lat' dir='ltr'>praeterea</span> 
     </span>
     <span class='ocr_line' id='line_1_25' title="bbox 231 1918 1478 1970; baseline -0.001 -13"><span class='ocrx_word' id='word_1_188' title='bbox 231 1920 307 1957; x_wconf 84' lang='lat' dir='ltr'>tela</span> <span class='ocrx_word' id='word_1_189' title='bbox 327 1920 517 1970; x_wconf 88' lang='lat' dir='ltr'>ingerunt.</span> <span class='ocrx_word' id='word_1_190' title='bbox 560 1919 648 1969; x_wconf 91' lang='lat' dir='ltr'>Iug.</span> <span class='ocrx_word' id='word_1_191' title='bbox 676 1920 738 1966; x_wconf 89' lang='grc'>62,</span> <span class='ocrx_word' id='word_1_192' title='bbox 769 1921 802 1956; x_wconf 92' lang='grc'>1.</span> <span class='ocrx_word' id='word_1_193' title='bbox 846 1918 1032 1956; x_wconf 89' lang='lat' dir='ltr'>Omnibus</span> <span class='ocrx_word' id='word_1_194' title='bbox 1050 1919 1203 1969; x_wconf 90' lang='lat' dir='ltr'>proeliis</span> <span class='ocrx_word' id='word_1_195' title='bbox 1231 1932 1314 1957; x_wconf 86' lang='lat' dir='ltr'>sese</span> <span class='ocrx_word' id='word_1_196' title='bbox 1341 1919 1478 1966; x_wconf 84' lang='lat' dir='ltr'>victos,</span> 
     </span>
     <span class='ocr_line' id='line_1_26' title="bbox 231 1985 1474 2037; baseline -0.001 -13"><span class='ocrx_word' id='word_1_197' title='bbox 231 1999 366 2037; x_wconf 82' lang='lat' dir='ltr'>agrum</span> <span class='ocrx_word' id='word_1_198' title='bbox 381 1989 575 2024; x_wconf 85' lang='lat' dir='ltr'>vastatum</span> <span class='ocrx_word' id='word_1_199' title='bbox 596 1985 734 2023; x_wconf 86' lang='lat' dir='ltr'>multos</span> <span class='ocrx_word' id='word_1_200' title='bbox 754 1985 932 2023; x_wconf 85' lang='lat' dir='ltr'>mortales</span> <span class='ocrx_word' id='word_1_201' title='bbox 951 1988 1082 2036; x_wconf 89' lang='lat' dir='ltr'>captos</span> <span class='ocrx_word' id='word_1_202' title='bbox 1105 1988 1172 2023; x_wconf 89' lang='lat' dir='ltr'>aut</span> <span class='ocrx_word' id='word_1_203' title='bbox 1192 1985 1345 2033; x_wconf 79' lang='lat' dir='ltr'>occisos,</span> <span class='ocrx_word' id='word_1_204' title='bbox 1365 1985 1474 2037; x_wconf 88' lang='lat' dir='ltr'>regni</span> 
     </span>
     <span class='ocr_line' id='line_1_27' title="bbox 230 2052 1473 2104; baseline 0 -14"><span class='ocrx_word' id='word_1_205' title='bbox 230 2066 322 2104; x_wconf 86' lang='lat' dir='ltr'>opes</span> <span class='ocrx_word' id='word_1_206' title='bbox 351 2053 603 2091; x_wconf 86' lang='lat' dir='ltr'>comminutas</span> <span class='ocrx_word' id='word_1_207' title='bbox 632 2065 725 2091; x_wconf 85' lang='lat' dir='ltr'>esse.</span> <span class='ocrx_word' id='word_1_208' title='bbox 753 2076 796 2080; x_wconf 88' lang='lat'>-—</span> <span class='ocrx_word' id='word_1_209' title='bbox 823 2052 932 2096; x_wconf 85' lang='lat' dir='ltr'>Quae</span> <span class='ocrx_word' id='word_1_210' title='bbox 960 2053 1136 2103; x_wconf 84' lang='lat' dir='ltr'>exempla</span> <span class='ocrx_word' id='word_1_211' title='bbox 1163 2052 1212 2089; x_wconf 84' lang='lat' dir='ltr'>ad</span> <span class='ocrx_word' id='word_1_212' title='bbox 1249 2052 1473 2090; x_wconf 87' lang='lat' dir='ltr'>brevitatem</span> 
     </span>
     <span class='ocr_line' id='line_1_28' title="bbox 230 2118 1474 2170; baseline 0 -12"><span class='ocrx_word' id='word_1_213' title='bbox 230 2120 487 2158; x_wconf 85' lang='lat' dir='ltr'>Sallustianae</span> <span class='ocrx_word' id='word_1_214' title='bbox 525 2119 700 2158; x_wconf 86' lang='lat' dir='ltr'>dictionis</span> <span class='ocrx_word' id='word_1_215' title='bbox 727 2119 989 2157; x_wconf 84' lang='lat' dir='ltr'>illustrandam</span> <span class='ocrx_word' id='word_1_216' title='bbox 1023 2118 1229 2156; x_wconf 85' lang='lat' dir='ltr'>sufficiant.</span> <span class='ocrx_word' id='word_1_217' title='bbox 1285 2118 1362 2157; x_wconf 91' lang='lat' dir='ltr'>Sed</span> <span class='ocrx_word' id='word_1_218' title='bbox 1398 2132 1474 2170; x_wconf 87' lang='lat' dir='ltr'>qua</span> 
     </span>
     <span class='ocr_line' id='line_1_29' title="bbox 228 2186 1471 2238; baseline -0.001 -12"><span class='ocrx_word' id='word_1_219' title='bbox 228 2191 309 2227; x_wconf 86' lang='lat' dir='ltr'>arte</span> <span class='ocrx_word' id='word_1_220' title='bbox 331 2200 417 2226; x_wconf 86' lang='lat' dir='ltr'>eam</span> <span class='ocrx_word' id='word_1_221' title='bbox 432 2187 660 2235; x_wconf 87' lang='lat' dir='ltr'>adhibuerit,</span> <span class='ocrx_word' id='word_1_222' title='bbox 681 2200 729 2225; x_wconf 89' lang='lat' dir='ltr'>ex</span> <span class='ocrx_word' id='word_1_223' title='bbox 749 2200 793 2226; x_wconf 92' lang='lat' dir='ltr'>eo</span> <span class='ocrx_word' id='word_1_224' title='bbox 809 2187 978 2238; x_wconf 88' lang='lat' dir='ltr'>colligas,</span> <span class='ocrx_word' id='word_1_225' title='bbox 998 2186 1113 2237; x_wconf 92' lang='lat' dir='ltr'>quod,</span> <span class='ocrx_word' id='word_1_226' title='bbox 1132 2186 1197 2224; x_wconf 91' lang='lat' dir='ltr'>ubi</span> <span class='ocrx_word' id='word_1_227' title='bbox 1218 2199 1278 2225; x_wconf 89' lang='lat' dir='ltr'>res</span> <span class='ocrx_word' id='word_1_228' title='bbox 1293 2187 1471 2237; x_wconf 89' lang='lat' dir='ltr'>postulat,</span> 
     </span>
     <span class='ocr_line' id='line_1_30' title="bbox 226 2253 1470 2305; baseline 0.001 -14"><span class='ocrx_word' id='word_1_229' title='bbox 226 2266 274 2291; x_wconf 91' lang='lat' dir='ltr'>ne</span> <span class='ocrx_word' id='word_1_230' title='bbox 296 2254 564 2292; x_wconf 82' lang='lat' dir='ltr'>verbositatem</span> <span class='ocrx_word' id='word_1_231' title='bbox 583 2254 737 2305; x_wconf 86' lang='lat' dir='ltr'>quidem</span> <span class='ocrx_word' id='word_1_232' title='bbox 756 2254 892 2304; x_wconf 82' lang='lat' dir='ltr'>fugiat.</span> <span class='ocrx_word' id='word_1_233' title='bbox 924 2253 1043 2291; x_wconf 80' lang='lat' dir='ltr'>Cuius</span> <span class='ocrx_word' id='word_1_234' title='bbox 1062 2254 1156 2292; x_wconf 87' lang='lat' dir='ltr'>haec</span> <span class='ocrx_word' id='word_1_235' title='bbox 1179 2254 1253 2292; x_wconf 87' lang='lat' dir='ltr'>sint</span> <span class='ocrx_word' id='word_1_236' title='bbox 1273 2255 1470 2305; x_wconf 83' lang='lat' dir='ltr'>exempla:</span> 
     </span>
     <span class='ocr_line' id='line_1_31' title="bbox 227 2318 1473 2372; baseline 0.002 -15"><span class='ocrx_word' id='word_1_237' title='bbox 227 2320 312 2359; x_wconf 78' lang='lat' dir='ltr'>Cat.</span> <span class='ocrx_word' id='word_1_238' title='bbox 336 2318 422 2369; x_wconf 91' lang='lat' dir='ltr'>IV.,</span> <span class='ocrx_word' id='word_1_239' title='bbox 454 2322 488 2358; x_wconf 94' lang='lat'>1.</span> <span class='ocrx_word' id='word_1_240' title='bbox 543 2320 632 2359; x_wconf 88' lang='lat' dir='ltr'>Non</span> <span class='ocrx_word' id='word_1_241' title='bbox 660 2320 732 2358; x_wconf 82' lang='lat' dir='ltr'>fuit</span> <span class='ocrx_word' id='word_1_242' title='bbox 757 2320 953 2358; x_wconf 88' lang='lat' dir='ltr'>consilium</span> <span class='ocrx_word' id='word_1_243' title='bbox 983 2321 1155 2359; x_wconf 84' lang='lat' dir='ltr'>socordia</span> <span class='ocrx_word' id='word_1_244' title='bbox 1183 2325 1298 2372; x_wconf 88' lang='lat' dir='ltr'>atque</span> <span class='ocrx_word' id='word_1_245' title='bbox 1325 2320 1473 2360; x_wconf 88' lang='lat' dir='ltr'>desidia</span> 
     </span>
     <span class='ocr_line' id='line_1_32' title="bbox 225 2388 1470 2439; baseline 0.001 -14"><span class='ocrx_word' id='word_1_246' title='bbox 225 2389 367 2426; x_wconf 88' lang='lat' dir='ltr'>bonum</span> <span class='ocrx_word' id='word_1_247' title='bbox 397 2388 517 2426; x_wconf 87' lang='lat' dir='ltr'>otium</span> <span class='ocrx_word' id='word_1_248' title='bbox 546 2392 751 2425; x_wconf 78' lang='lat' dir='ltr'>conterere.</span> <span class='ocrx_word' id='word_1_249' title='bbox 810 2388 894 2425; x_wconf 77' lang='lat' dir='ltr'>Cat.</span> <span class='ocrx_word' id='word_1_250' title='bbox 918 2388 1005 2436; x_wconf 76' lang='lat' dir='ltr'>XL,</span> <span class='ocrx_word' id='word_1_251' title='bbox 1035 2390 1069 2425; x_wconf 82' lang='lat'>2.</span> <span class='ocrx_word' id='word_1_252' title='bbox 1124 2388 1232 2427; x_wconf 90' lang='lat' dir='ltr'>Dolis</span> <span class='ocrx_word' id='word_1_253' title='bbox 1261 2392 1375 2439; x_wconf 83' lang='lat' dir='ltr'>atque</span> <span class='ocrx_word' id='word_1_254' title='bbox 1403 2389 1470 2426; x_wconf 79' lang='lat' dir='ltr'>fal-</span> 
     </span>
    </p>
   </div>
  </div>
 </body>
</html>
