1685 2878
751 205 949 242 —33-

226 326 525 364 adolescentium
544 330 635 374 erat,
654 326 904 377 impugnavit.
924 326 1012 377 [pse
1033 327 1145 364 rediit
1166 327 1215 364 ad
1234 325 1468 377 Ciceronem,

226 393 272 430 ad
294 394 403 431 euius
424 394 638 443 voluptates
666 393 758 431 nihil
787 393 1007 444 addiposse
1027 393 1183 442 iudicat,
1212 394 1278 432 sed
1307 390 1364 435 ne.
1378 399 1471 446 toga

226 473 352 497 crassa
372 465 483 507 esset,
504 460 664 510 tempori
684 459 790 508 dans,
809 460 966 497 retinuit
984 460 1191 498 sententias
1211 473 1306 511 quas
1325 460 1469 509 laudat,

226 527 317 565 dum
346 541 426 565 rem
454 527 671 565 contineant
697 532 735 565 et
762 526 870 578 copia
897 540 972 565 non
998 526 1222 571 redundent.
1269 527 1377 577 XII„
1408 529 1468 578 10,

226 595 287 632 46.
345 594 502 633 Tacitus
530 594 635 632 initio
665 607 753 632 eum
781 599 934 632 secutus
962 598 1039 643 est,
1078 594 1188 632 euius
1216 595 1269 633 rei
1296 596 1468 646 pulcher-

226 662 365 699 rimum
392 662 664 699 documentum
702 666 826 699 exstat
854 661 1031 712 dialogus
1068 662 1128 699 ille.
1165 662 1213 700 de
1242 662 1468 711 oratoribus,

225 729 290 765 ubi
327 733 451 767 totum
487 728 725 779 splendorem
764 727 1035 775 Ciceronianae
1075 728 1250 766 dictionis
1286 729 1466 767 invenias.

227 795 304 834 Sed
334 801 377 833 ut
405 800 485 833 erat
512 795 572 833 hic
591 795 699 833 stilus
718 795 846 833 hilaris
874 799 912 833 et
932 808 1127 843 amoenus,
1155 795 1208 833 ita
1228 808 1358 834 severo
1386 796 1468 834 eius

226 863 378 913 ingenio
406 876 481 900 non
508 862 713 913 respondit.
769 863 896 906 Quare
923 867 1075 913 postero
1101 867 1269 914 tempore
1298 863 1346 901 ad
1372 863 1467 901 illud

224 930 375 968 dicendi
403 943 546 981 genus,
585 943 607 967 a
636 929 884 981 Thucydide,
922 943 944 967 a
973 929 1154 968 Sallustio
1193 930 1391 968 excultum
1425 943 1466 968 se

225 998 427 1045 convertit3
455 997 556 1047 quod
586 997 724 1035 dicitur
749 996 794 1036 τὸ
824 994 962 1047 σεμνόν
988 1002 1103 1046 atque
1132 997 1169 1033 in
1198 997 1357 1048 grandi,
1387 1010 1466 1035 ma-

224 1064 384 1115 gnifica,
422 1077 553 1102 severa
580 1065 747 1102 oratione
775 1064 973 1103 invenitur.
1029 1063 1158 1108 Quum
1186 1068 1286 1102 esset
1322 1076 1465 1116 magno

224 1132 471 1169 humanitatis
500 1145 614 1169 sensu
642 1132 835 1182 praeditus
864 1131 912 1169 ad
929 1132 1183 1169 narrationem
1207 1130 1466 1170 exornandam

222 1199 461 1250 potissimum
488 1199 661 1237 adhibuit
681 1200 843 1237 colorem
864 1199 1067 1250 poeticum,
1096 1212 1171 1250 qua
1197 1199 1235 1236 in
1263 1212 1303 1237 re
1330 1203 1465 1250 poetae

223 1266 397 1317 Augusti
444 1267 679 1317 tempestatis
737 1280 823 1304 eum
871 1267 1123 1315 adiuvabant,
1177 1267 1241 1317 qui
1287 1266 1466 1305 Sallustio

223 1333 391 1371 deerant.

328 1401 452 1438 Usum
489 1408 617 1438 autem
646 1402 854 1451 priscorum
883 1402 1083 1439 verborum
1112 1401 1316 1439 Sallustius
1343 1401 1466 1452 magis

222 1471 324 1505 amat
343 1480 456 1518 quam
477 1466 645 1505 Tacitus.
688 1467 817 1505 Verba
835 1468 1037 1519 peregrina
1062 1472 1099 1505 et
1121 1472 1289 1515 externa,
1318 1468 1464 1506 etiamsi

221 1536 295 1572 iam
325 1535 472 1586 pridem
501 1535 691 1573 civitatem
719 1535 931 1573 Romanam
961 1540 1207 1586 acceperant,
1244 1547 1359 1585 quam
1386 1548 1464 1574 ma-

220 1603 322 1640 xime
352 1602 509 1640 Tacitus
544 1602 758 1653 repudiavit
793 1615 915 1653 neque
951 1603 1073 1640 verbis
1102 1602 1332 1652 quotidianis
1369 1603 1465 1641 texit

220 1670 453 1717 orationem,
491 1670 556 1707 sed
586 1670 994 1721 circumscriptionibus
1031 1675 1068 1707 et
1104 1670 1211 1720 quasi
1240 1670 1466 1721 ambagibus

222 1738 355 1785 utitur,
389 1751 464 1787 quo
493 1737 548 1784 fit,
577 1741 619 1774 ut
639 1750 743 1775 mens
764 1737 812 1775 ad
831 1750 910 1775 rem
929 1732 1180 1788 significatam
1200 1737 1464 1776 inveniendam

219 1809 381 1855 cogatur
420 1809 458 1842 et
494 1804 738 1855 repetitiones
766 1804 968 1842 evitentur.
1023 1804 1070 1841 In
1097 1804 1287 1842 variandis
1325 1809 1363 1842 et
1390 1805 1463 1842 sin-

220 1872 321 1923 gulis
358 1872 515 1910 vocibus
561 1876 598 1909 et
635 1872 791 1922 integris
827 1871 1171 1910 constructionibus
1217 1885 1261 1909 ac
1298 1872 1463 1922 periodis

219 1939 369 1977 omnino
407 1944 615 1990 praeeunte
645 1938 826 1977 Sallustio
864 1939 1071 1990 plurimum
1108 1939 1224 1977 studii
1253 1939 1460 1977 collocavit.

219 2007 404 2058 Singulae
433 2020 544 2044 voces
572 2011 615 2044 ut
644 2008 690 2044 ab
718 2007 781 2044 illo
809 2011 1094 2057 permutantur,
1135 2011 1173 2044 et
1199 2019 1315 2057 quam
1341 2008 1463 2046 multa

218 2075 332 2112 verba
350 2074 490 2112 habeat
518 2074 564 2111 ad
588 2087 702 2112 unam
723 2087 802 2112 rem
822 2073 1121 2125 significandam,
1150 2073 1313 2112 laudabo
1334 2087 1461 2113 exem-

216 2142 344 2192 plum:
372 2141 544 2179 Verbum
566 2142 727 2192 simplex
758 2142 899 2188 „mori“
931 2154 1118 2191 nusquam
1145 2141 1271 2189 habet,
1300 2141 1366 2179 sed
1393 2155 1460 2192 pro

217 2221 261 2246 eo
281 2208 382 2245 Ann.
418 2209 458 2256 L,
489 2210 532 2256 3,
574 2209 745 2259 defungi,
774 2209 961 2260 extingui,
990 2208 1065 2246 vita
1095 2208 1313 2257 concedere,
1341 2213 1461 2247 morte

216 2275 378 2324 auferri3
418 2275 503 2323 VI„
534 2277 580 2312 27
612 2276 734 2324 obii-(¹3
773 2276 858 2324 IV.,
887 2277 936 2313 38
965 2275 1193 2324 concedere3
1220 2275 1288 2324 IL,
1318 2275 1367 2313 75
1395 2289 1460 2314 ex-

217 2342 372 2391 cedere,
401 2343 468 2391 IL,
491 2344 539 2380 24
566 2348 766 2394 oppetere,
795 2344 862 2392 IL,
892 2346 935 2382 71
961 2344 1037 2381 fato
1061 2342 1286 2393 concedere;
1313 2343 1382 2393 11„
1410 2344 1459 2381 83

215 2413 375 2448 mortem
404 2410 528 2459 obire;
557 2410 624 2458 IL,
654 2411 704 2448 40
722 2410 835 2448 finem
863 2411 964 2448 vitae
984 2411 1161 2462 implere,
1189 2410 1275 2459 VI„
1305 2412 1353 2448 10
1380 2411 1458 2451 fato
