1685 2878
762 185 966 222 —10-

244 305 399 356 quidam
427 297 599 357 Pompeii
622 305 755 356 Magni
783 305 939 344 libertus
968 305 1122 343 satiram
1143 305 1422 344 acerbissimam
1450 305 1488 343 in

245 385 333 409 eum
361 373 522 423 scripsit,
551 373 658 410 euius
685 373 848 423 vestigia
876 372 938 410 alii
966 373 1234 422 sequebantur.

349 439 507 477 Summo
535 439 702 490 flagrans
729 439 915 477 libertatis
953 429 1080 477 amore
1115 452 1184 490 per
1211 442 1330 477 totam
1357 438 1486 488 vitam,

244 520 294 544 ex
321 520 396 556 quo
425 507 473 544 ad
501 520 580 544 rem
606 507 795 557 publicam
823 507 992 554 accessit,
1029 506 1213 544 nobilium
1240 506 1394 543 factioni
1421 505 1487 544 ad·
1524 546 1526 548 ,

243 577 416 611 versatus
446 578 502 611 est
529 587 573 611 ac
599 574 718 624 plebis
747 586 921 621 causam,
950 585 1065 623 quam
1092 573 1139 610 ab
1167 573 1239 610 illis
1269 584 1486 623 oppressam

244 653 358 689 aegre
395 640 559 687 ferebat,
596 640 786 678 meliorem
824 640 968 677 habuit.
1027 639 1091 687 „ll
1128 647 1178 677 est
1211 639 1418 677 de'mocrate
1455 647 1486 676 et

234 721 316 757 par
344 711 559 759 consequent
586 721 672 744 avec
700 707 750 744 les
769 706 959 757 plebeiens
987 714 1110 743 contre
1147 706 1197 743 les
1224 705 1370 743 nobles“
1409 718 1483 743 non

243 774 382 812 iniuste
419 775 686 813 animadvertit
718 773 1059 812 Dubois—Guchan
1095 787 1183 824 pag.
1214 774 1288 811 305
1303 773 1354 822 *).
1408 773 1485 811 Ne-

243 854 317 892 que
346 842 439 879 illud
472 843 695 880 vocabulum
727 842 977 889 „de'moeratffl
1007 842 1106 879 malo
1135 854 1248 878 sensu
1275 840 1486 892 intelligen-

243 908 336 945 dum
365 913 441 957 est,
472 910 580 959 quasi
609 910 722 947 fuerit
749 923 848 947 unus
876 922 924 947 ex
953 909 1045 957 illis,
1083 909 1148 959 qui
1177 908 1302 946 omnia
1328 908 1485 946 miseere

243 980 358 1025 atque
396 989 444 1013 ex
482 977 603 1014 alieno
641 977 877 1014 Incommode
924 989 1031 1014 suam
1076 980 1205 1026 petere
1250 975 1485 1013 occasionem

243 1043 523 1092 concupiscant.
564 1043 665 1081 Nam
692 1043 825 1080 laudat
852 1044 1044 1080 interitum
1072 1043 1352 1080 coniuratorum
1381 1041 1482 1093 (Cat.

243 1109 309 1157 55)
339 1113 377 1146 et
404 1109 506 1157 dicit,
534 1110 568 1146 vi
597 1123 728 1160 regere
754 1110 916 1160 patriam
934 1110 1192 1160 importunum
1217 1122 1310 1147 esse.
1340 1109 1427 1159 Iug.
1445 1109 1480 1145 3.

347 1176 552 1214 Praeterea
579 1190 742 1226 magnus
760 1177 927 1214 veritatis
947 1189 1051 1214 amor
1068 1176 1107 1213 in
1126 1189 1169 1213 eo
1189 1176 1298 1223 inest,
1327 1179 1370 1212 ut
1387 1175 1481 1213 fides

244 1242 325 1279 eius
353 1242 391 1279 in
419 1243 579 1280 dubium
606 1244 731 1281 vocari
759 1256 834 1281 non
861 1243 990 1293 possit.
1040 1242 1153 1287 Quod
1181 1243 1229 1280 ad
1258 1243 1481 1281 coniuratio-

242 1321 328 1345 nem
359 1308 546 1346 Catilinae
577 1310 723 1357 attinet,
752 1310 832 1359 ipse
859 1310 1021 1359 plurima
1048 1310 1154 1356 vidit,
1184 1314 1227 1346 ut
1248 1310 1394 1359 copiam
1421 1324 1482 1348 ve-

244 1375 364 1412 ritatis
394 1376 426 1413 ei
457 1376 573 1413 fuisse
602 1376 693 1414 satis
721 1381 879 1414 constet.
935 1375 1043 1420 Quae
1073 1388 1159 1413 eum
1183 1376 1397 1425 latuerunt,
1434 1390 1483 1415 ex

241 1442 474 1491 gravissimis
503 1443 662 1481 testibus
691 1456 917 1493 cognoscere
944 1443 1069 1493 potuit
1096 1447 1133 1480 et
1160 1443 1280 1480 multa
1304 1444 1418 1481 etiam
1445 1445 1483 1481 in

243 1509 337 1546 actis
365 1510 525 1559 publicis
553 1510 686 1548 litteris
715 1510 936 1561 consignata
964 1514 1002 1547 et
1028 1513 1084 1547 tot
1112 1513 1265 1547 senatus
1284 1510 1482 1561 magistra-

241 1580 427 1627 tuumque
457 1577 591 1615 edietis
619 1578 819 1615 manifesta
847 1578 1012 1615 fuerunt.
1062 1576 1186 1614 Multa
1213 1577 1328 1615 etiam
1355 1577 1393 1614 in
1421 1577 1482 1615 Ci-

240 1644 385 1681 ceronis
415 1644 646 1683 orationibus
674 1645 836 1692 invenit,
872 1644 1011 1695 quippe
1040 1637 1103 1694 qui
1132 1648 1218 1694 post
1245 1645 1483 1683 consulatum

240 1711 304 1747 vix
332 1724 500 1761 unquam
537 1712 575 1749 in
603 1717 738 1750 senatu
776 1713 834 1749 vel
871 1724 996 1749 eoram
1023 1711 1164 1761 populo
1193 1712 1306 1749 verba
1340 1712 1482 1760 feeerit,

241 1778 330 1828 quin
359 1778 406 1816 de
436 1778 658 1817 Catilinaria
687 1779 945 1817 coniuratione
973 1778 1124 1816 dixerit.
1163 1778 1265 1822 Quin
1292 1779 1406 1817 etiam
1434 1792 1483 1817 ex

240 1846 340 1884 illius
369 1847 548 1898 temporis
577 1861 680 1886 more
708 1852 752 1886 ut
778 1847 916 1885 summi
943 1846 1011 1884 viri
1031 1859 1139 1884 suam
1166 1846 1237 1897 ipsi
1254 1847 1372 1885 vitam
1399 1860 1482 1886 nar-

238 1918 365 1951 rarent
403 1918 441 1951 et
477 1915 681 1953 memoriae
718 1928 844 1952 rerum
881 1918 1075 1965 gestarum
1112 1915 1371 1961 consulerent,
1407 1927 1483 1952 non

239 1982 360 2018 solum
398 1981 531 2019 Cicero
571 1982 618 2019 de
655 1983 874 2020 consulatus
911 1982 969 2019 sui
1007 1982 1162 2019 historia
1196 1982 1483 2020 commentarios

238 2048 411 2098 scripsit,
441 2049 508 2087 sed
535 2050 660 2099 ipsum
687 2049 897 2087 Lucceium
923 2049 1107 2100 perpulit,
1141 2053 1185 2086 ut
1210 2049 1369 2086 laudum
1397 2062 1481 2087 sua-

238 2128 321 2152 rum
349 2116 594 2165 praeconium
622 2117 827 2154 memoriae
854 2116 1042 2166 proderet.
1087 2115 1164 2153 Ofr.
1194 2115 1291 2166 Epp.
1321 2115 1369 2153 ad
1398 2115 1480 2155 Att.

240 2184 273 2230 1,
306 2184 366 2220 18.
395 2183 503 2221 Fam.
534 2185 569 2232 5,
600 2185 660 2222 12.
717 2184 847 2228 Quum
880 2183 933 2220 illi
966 2182 1049 2220 libri
1077 2182 1153 2220 iam
1180 2182 1366 2233 deperditi
1394 2183 1480 2231 sint,

238 2250 286 2288 ad
315 2250 498 2289 iudicium
527 2251 575 2289 de
604 2251 767 2289 auctoris
801 2251 876 2289 fide
904 2251 1119 2290 faciendum
1154 2265 1176 2289 a
1212 2250 1481 2301 posterioribus

341 2397 371 2437 ss)
395 2398 503 2428 Tacite
526 2402 558 2427 et
580 2408 634 2428 son
651 2397 744 2428 siecle
766 2406 822 2436 par
844 2396 880 2425 E.
904 2397 941 2426 P.
965 2397 1238 2428 Dubois-Guchan.
1277 2397 1365 2428 Paris
1390 2398 1480 2428 1861.
